=LDR  05301cas a2201129 a 4500
=001  005443959
=003  Uk
=005  20230917110412.0
=006  m\\\\\\\\d\|\\\\\\
=007  cr||||||||||||
=008  040409c19979999fr\uu\p\o\\\\\0\\\a0eng\\
=019  c\$a2558441
=022  0\$a1365-8050
=040  \\$aUk$beng$cUk$erda
=210  0\$aDiscret. math. theor. comput. sci.$b(Online)
=222  \0$aDiscrete mathematics and theoretical computer science$b(Online)
=245  00$aDiscrete mathematics and theoretical computer science
=260  \\$a[S.l.] :$bThomson Science.
=264  31$aStrasbourg, France :$bEpic Sciences
=336  \\$atext$2rdacontent
=337  \\$acomputer$2rdamedia
=338  \\$aonline resource$2rdacarrier
=540  \\$aCurrent copyright fee: GBP29.95$c22\1$5Uk
=595  \\$aSEE CARD INDEX.
=650  \0$aComputer science$xMathematics$vPeriodicals.
=650  \0$aMathematics$vPeriodicals.
=776  0\$tDiscrete mathematics and theoretical computer science (Print)$x1462-7264
=856  4\$31850-9999$uhttp://www.springer.com/gb/$xBLDSS
=945  \\$aDISCRETE MATHEMATICS AND THEORETICAL COMPUTING.
=979  \\$aBritish Library$bDSC$j3597.033000N$xDSC, Not selected
=985  \\$aCorrected by BSS-generated file for WR# 10/166
=985  \\$aISSN UK Centre note: responsibility transferred to ISSN France 5.12.19.
=A02  \\$a2558441
=ACF  \\$aPrevious copyright fee: GBP21.25$c4\5$e01-jan-2009$fGBP21.25$g0$hP$5Uk
=ACF  \\$aPrevious copyright fee: GBP16.75$c4\5$e01-jan-2007$fGBP16.75$g0$hP$5Uk
=ACF  \\$aPrevious copyright fee: GBP16.22$c4\5$e01-oct-2006$fGBP16.22$g0$hP$5Uk
=ACF  \\$aPrevious copyright fee: GBP17.14$c4\5$e01-apr-2006$fGBP17.14$g0$hP$5Uk
=ACF  \\$aPrevious copyright fee: GBP16.67$c4\5$e01-jan-2006$fGBP16.67$g0$hP$5Uk
=ACF  \\$aPrevious copyright fee: GBP16.22$c4\5$e01-apr-2005$fGBP16.22$g0$hP$5Uk
=ACF  \\$aPrevious copyright fee: GBP16.67$c4\5$e01-jan-2005$fGBP16.67$g0$hP$5Uk
=ACF  \\$aPrevious copyright fee: GBP13.87$c4\5$e01-oct-2002$fGBP13.87$g0$hP$5Uk
=ACF  \\$aCurrent copyright fee: GBP14.82$c4\5$e01-jan-2002$fGBP14.82$g0$hP$5Uk
=ACF  \\$aCurrent copyright fee: GBP13.45$c4\5$e01-jan-2001$fGBP13.45$g0$hP$5Uk
=ACF  \\$aPrevious copyright fee: GBP22.00$c4\5$e01-apr-2009$fGBP22.00$g0$hP$5Uk
=ACF  \\$aPrevious copyright fee: GBP22.00$c4\5$e12-aug-2012$fGBP22.00$g0$hP$5Uk
=ACF  \\$aPrevious copyright fee: GBP25.00$c4\5$e01-jan-2013$fGBP25.00$g0$hP$5Uk
=ACF  \\$aPrevious copyright fee: GBP25.77$c4\5$e01-jul-2013$fGBP25.77$g0$hP$5Uk
=ACF  \\$aPrevious copyright fee: GBP24.97$c4\5$e01-jan-2014$fGBP24.97$g0$hP$5Uk
=ACF  \\$aPrevious copyright fee: GBP24.21$c4\5$e01-jul-2014$fGBP24.21$g0$hP$5Uk
=ACF  \\$aPrevious copyright fee: GBP25.77$c4\5$e01-apr-2015$fGBP25.77$g0$hP$5Uk
=ACF  \\$aPrevious copyright fee: GBP26.63$c4\5$e01-jul-2015$fGBP26.63$g0$hP$5Uk
=ACF  \\$aPrevious copyright fee: GBP25.77$c4\5$e01-oct-2015$fGBP25.77$g0$hP$5Uk
=ACF  \\$aPrevious copyright fee: GBP27.55$c4\5$e01-apr-2016$fGBP27.55$g0$hP$5Uk
=ACF  \\$aPrevious copyright fee: GBP29.59$c4\5$e01-oct-2016$fGBP29.59$g0$hP$5Uk
=ACF  \\$aPrevious copyright fee: GBP31.96$c4\5$e01-apr-2017$fGBP31.96$g0$hP$5Uk
=ACF  \\$aPrevious copyright fee: GBP30.73$c4\5$e01-oct-2017$fGBP30.73$g0$hP$5Uk
=ACF  \\$aPrevious copyright fee: GBP28.54$c4\5$e01-apr-2018$fGBP28.54$g0$hP$5Uk
=CAT  \\$aCONV$b00$c20040502$lBLL01$h1101
=CAT  \\$aBATCH-UPD$b00$c20150820$lBLL01$h2001
=CAT  \\$aIPL-CLA$c20150930$lBLL01$h1647
=CAT  \\$aBATCH-UPD$b00$c20160217$lBLL01$h1859
=CAT  \\$aIPL-CLA$c20160331$lBLL01$h1600
=CAT  \\$aBATCH-UPD$b00$c20160413$lBLL01$h1759
=CAT  \\$aBATCH-UPD$b00$c20160524$lBLL01$h2150
=CAT  \\$aBATCH-UPD$b00$c20160524$lBLL01$h2201
=CAT  \\$aBATCH-UPD$b00$c20160824$lBLL01$h1920
=CAT  \\$aIPL-CLA$c20160930$lBLL01$h1502
=CAT  \\$aBATCH-UPD$b00$c20170216$lBLL01$h2007
=CAT  \\$aIPL-CLA$c20170331$lBLL01$h1750
=CAT  \\$aBATCH-UPD$b00$c20170904$lBLL01$h2039
=CAT  \\$aIPL-CLA$c20170929$lBLL01$h1630
=CAT  \\$aBATCH-UPD$b00$c20180223$lBLL01$h1936
=CAT  \\$aIPL-CLA$c20180331$lBLL01$h1518
=CAT  \\$aBATCH-UPD$b00$c20180524$lBLL01$h1811
=CAT  \\$aIPL-CLA$c20180630$lBLL01$h1850
=CAT  \\$a10973$b40$c20191205$lBLL01$h1040
=CAT  \\$a10973$b40$c20191205$lBLL01$h1041
=CAT  \\$a10973$b40$c20191205$lBLL01$h1042
=CAT  \\$a10973$b40$c20191205$lBLL01$h1043
=CAT  \\$a10973$b40$c20191205$lBLL01$h1044
=CAT  \\$a10973$b40$c20191213$lBLL01$h1459
=CAT  \\$aBATCH-UPD$b40$c20221121$lBLL01$h1352
=CAT  \\$aIPL-CLA$c20221231$lBLL01$h1431
=CAT  \\$a5410$b40$c20230917$lBLL01$h1104
=CFI  0\$aCurrent copyright fee: GBP29.95$c22\1$e01-jan-2023$fGBP29.95$g0$hP$5Uk
=CFI  2\$aPrevious copyright fee: GBP34.00$c22\1$e01-jul-2018$fGBP34.00$g0$hP$5Uk
=FFP  \\$aY$bBLDSS-3PM
=FIN  \\$aY
=FMT  \\$a  SE
=LAS  \\$a5410$b40$c20230917$lBLL01$h1104
=LEO  \\$aMP22.0000052424
=LEO  \\$aMP10.0000190554
=SRC  \\$aISN01$bbibmp22.200404.2.aa
=SRC  \\$aDSS01$bbibmp10.200404.2.aa
=TCO  \\$aCLA$bCLA$c008
=TOC  \\$aETOC
=UNO  \\$aY

