=LDR  02242cas a22005777a 4500
=001  009545687
=003  Uk
=005  20230210004948.0
=007  ta
=008  780727c19789999sa\\x\m\\\\\\\0\\\a0eng\\
=022  0\$a0141-7401
=040  \\$aUk$cUk$dUk
=210  0\$aLaus. occas. pap.
=222  \0$aLausanne occasional papers
=245  00$aLausanne occasional papers
=260  \\$aLondon :$bScripture Union
=260  3\$aKempton park :$bAcadSA Publishing
=336  \\$atext$2rdacontent
=337  \\$aunmediated$2rdamedia
=338  \\$avolume$2rdacarrier
=540  \\$aCurrent Copyright Fee: GBP25.00$c0$5Uk
=710  2\$aLausanne Committee for World Evangelization.
=710  2\$aLausanne International Committee for World Evangelization.
=985  \\$aResponsibility for ISSN transferred to International Centre from ISSN UK, 25.06.07
=ACF  \\$aPrevious Copyright Fee: GBP17.50$c0$e01-oct-2019$fGBP17.50$g0$hC$5Uk
=ACF  \\$aPrevious Copyright Fee: GBP20.00$c0$e01-jan-2020$fGBP20.00$g0$hC$5Uk
=ACF  \\$aPrevious Copyright Fee: GBP22.50$c0$e01-jan-2021$fGBP22.50$g0$hC$5Uk
=CAT  \\$aCONV$b00$c20040425$lBLL90$h0848
=CAT  \\$aCONV$b00$c20040502$lBLL01$h1329
=CAT  \\$aglobal_upd$b40$c20060417$lBLL01$h1712
=CAT  \\$a6537$b40$c20070625$lBLL01$h0840
=CAT  \\$aBATCH$b00$c20091209$lBLL01$h0438
=CAT  \\$aBATCH$b00$c20091214$lBLL01$h0521
=CAT  \\$aBATCH-CLA$b00$c20190909$lBLL01$h1714
=CAT  \\$aIPL-CLA$c20190930$lBLL01$h1630
=CAT  \\$aBATCH-CLA$b00$c20191129$lBLL01$h1626
=CAT  \\$aIPL-CLA$c20191231$lBLL01$h1801
=CAT  \\$aBATCH-CLA$b00$c20201126$lBLL01$h1358
=CAT  \\$aIPL-CLA$c20201231$lBLL01$h2004
=CAT  \\$aBATCH-CLA$b00$c20221130$lBLL01$h1442
=CAT  \\$aIPL-CLA$c20221231$lBLL01$h1918
=CAT  \\$aBATCH-CLA$b00$c20230209$lBLL01$h1529
=CAT  \\$aIPL-CLA$c20230210$lBLL01$h0049
=CFI  0\$aCurrent Copyright Fee: GBP25.00$c0$e09-feb-2023$fGBP25.00$g0$hC$5Uk
=CFI  2\$aBritish Library not licensed to copy$c0$e01-jan-2023$hC$iCFP Excluded$5Uk
=FIN  \\$aY
=FMT  \\$a  SE
=LAS  \\$aIPL-CLA$b00$c20230210$lBLL01$h0049
=LEO  \\$aMP22.0000004899
=SRC  \\$aISN01$bbibmp22.200404.2.aa
=TCO  \\$aZAF$bDALRO$c008

