=LDR  02174 as a2200565ua 4500
=001  009912512
=003  Uk
=005  20060719152333.0
=006  aac\\|||||||||||||
=008  011008c19999999enkfr|p|||\\\\0\\\|0eng\\
=015  \\$aGBA157575$2bnb
=019  y\$abA157575
=019  9\$abA157575
=019  1\$abA157575
=022  0\$a1607-145X
=039  0\$a2663
=040  \\$aUk$cUk
=082  04$a306.70835$221
=222  \0$aX-press$b(London)
=245  00$aX-press :$bthe IPPF newsletter by and for young people.
=260  \\$aLondon :$bInternational Planned Parenthood Federation,$c1999-
=300  \\$av. :$bcol. ill., col. ports. ;$c30 cm.
=310  \\$aTwo issues yearly
=336  \\$atext$2rdacontent
=337  \\$aunmediated$2rdamedia
=338  \\$avolume$2rdacarrier
=362  0\$aVol. 1, no. 1 ([1999])-
=500  \\$aDescription based on: Vol. 1, no. 2 (Dec. 1999)
=610  24$aInternational Planned Parenthood Federation$vPeriodicals.
=650  \0$aBirth control$vPeriodicals.
=650  \0$aYouth$xSexual behavior$vPeriodicals.
=710  2\$aInternational Planned Parenthood Federation.
=886  2\$2ukmarc$a910$b20$aIPPF$xSee$aInternational Planned Parenthood Federation$z610
=886  2\$2ukmarc$a910$b20$aFe패de패ration internationale pour la planification familiale$xSee$aInternational Planned Parenthood Federation$z610
=886  2\$2ukmarc$a910$b20$aIPPF$xSee$aInternational Planned Parenthood Federation$z710
=886  2\$2ukmarc$a910$b20$aFe패de패ration internationale pour la planification familiale$xSee$aInternational Planned Parenthood Federation$z710
=985  \\$aISSN responsibility held by International ISSN Centre - 18/07/06
=CAT  \\$aCONV$b00$c20040425$lBLL90$h0723
=CAT  \\$aCONV$b00$c20040502$lBLL01$h1342
=CAT  \\$a11316$b40$c20060719$lBLL01$h1523
=CAT  \\$aBATCH$b00$c20091122$lBLL01$h1259
=CAT  \\$aWR14_140$c20140905$lBLL01$h1738
=FIN  \\$aY
=FMT  \\$a  SE
=LAS  \\$aWR14_140$b00$c20140905$lBLL01$h1738
=LEO  \\$aMP5.0001469114
=LEO  \\$aMP13.0000231261
=SRC  \\$aBNB03$bbibmp5.200404.2.ac
=SRC  \\$aHSS01$bbibmp13.200404.2.aa
=TCO  \\$aCLA$bCLA$c008

