=LDR  03155cas a22007457a 4500
=001  010182233
=003  Uk
=005  20221231193714.0
=007  ta
=008  800626d19801990enkar\\\\\\\\\0\\\a0eng\\
=022  0\$a0144-462X
=040  \\$aUk$beng$cUk
=082  04$a379.118
=210  0\$aGrants stud. visits univ. adm. libr.
=222  \0$aGrants for study visits by university administrators and librarians
=245  00$aGrants for study visits by university administrators and librarians
=260  \\$aLondon :$bAssociation of Commonwealth Universities
=336  \\$atext$2rdacontent
=337  \\$aunmediated$2rdamedia
=338  \\$avolume$2rdacarrier
=540  \\$aCurrent Copyright Fee: GBP25.00$c0$5Uk
=710  2\$aAssociation of Commonwealth Universities.
=785  00$aAwards for university administrators and librarians.$x0964-2714
=985  \\$aResponsibility for ISSN under the International Centre
=ACF  \\$aBritish Library not licensed to copy$c0$e01-oct-2008$hC$iCLA Excluded$5Uk
=ACF  \\$aPrevious copyright fee: GBP10.50$c0$e01-jan-2011$fGBP10.50$g0$hA$5Uk
=ACF  \\$aPrevious copyright fee: GBP12.00$c0$e01-jan-2012$fGBP12.00$g0$hA$5Uk
=ACF  \\$aPrevious Copyright Fee: GBP12.30$c0$e01-jan-2014$fGBP12.30$g0$hA$5Uk
=ACF  \\$aPrevious Copyright Fee: GBP15.00$c0$e01-jan-2017$fGBP15.00$g0$hA$5Uk
=ACF  \\$aPrevious Copyright Fee: GBP17.50$c0$e01-jan-2018$fGBP17.50$g0$hA$5Uk
=ACF  \\$aPrevious Copyright Fee: GBP20.00$c0$e01-jan-2020$fGBP20.00$g0$hA$5Uk
=CAT  \\$aCONV$b00$c20040425$lBLL90$h0848
=CAT  \\$aglobal_upd$b40$c20060417$lBLL01$h1730
=CAT  \\$a6537$b40$c20070412$lBLL01$h0846
=CAT  \\$aBATCH-CLA$b00$c20080829$lBLL01$h1852
=CAT  \\$aBATCH-UPD$b00$c20080930$lBLL01$h2340
=CAT  \\$aBATCH$b00$c20081001$lBLL01$h0058
=CAT  \\$aISSN$b40$c20081119$lBLL01$h0901
=CAT  \\$aBATCH$b00$c20091210$lBLL01$h0031
=CAT  \\$aBATCH-UPD$b00$c20101201$lBLL01$h1228
=CAT  \\$aIPL-CLA$c20101231$lBLL01$h1331
=CAT  \\$aWR11_203$c20111204$lBLL01$h1401
=CAT  \\$aIPL-CLA$c20111230$lBLL01$h1832
=CAT  \\$aBATCH-CLA$b00$c20121105$lBLL01$h1748
=CAT  \\$aBATCH-CLA$c20131218$lBLL01$h2239
=CAT  \\$aIPL-CLA$c20131231$lBLL01$h2058
=CAT  \\$aBATCH-CLA$b00$c20161222$lBLL01$h1729
=CAT  \\$aIPL-CLA$c20161230$lBLL01$h1931
=CAT  \\$aBATCH-CLA$b00$c20171222$lBLL01$h2032
=CAT  \\$aIPL-CLA$c20171231$lBLL01$h1502
=CAT  \\$aBATCH-CLA$b00$c20191219$lBLL01$h1654
=CAT  \\$aIPL-CLA$c20191231$lBLL01$h1818
=CAT  \\$aR2001-1524$c20200127$lBLL01$h1941
=CAT  \\$aBATCH-CLA$b00$c20201204$lBLL01$h1452
=CAT  \\$aIPL-CLA$c20201231$lBLL01$h2026
=CAT  \\$aBATCH-CLA$b00$c20221221$lBLL01$h1758
=CAT  \\$aIPL-CLA$c20221231$lBLL01$h1937
=CFI  0\$aCurrent Copyright Fee: GBP25.00$c0$e01-jan-2023$fGBP25.00$g0$hA$5Uk
=CFI  2\$aPrevious Copyright Fee: GBP22.50$c0$e01-jan-2021$fGBP22.50$g0$hA$5Uk
=FIN  \\$aY
=FMT  \\$a  SE
=LAS  \\$aIPL-CLA$b00$c20221231$lBLL01$h1937
=LEO  \\$aMP22.0000007482
=SRC  \\$aISN01$bbibmp22.200404.2.aa
=TCO  \\$aCLA$bCLA$c008

