=LDR  03898cas a22009257a 4500
=001  010183169
=003  Uk
=005  20221231193721.0
=007  ta
=008  810527d19671990enkqr\p\\\\\\\0\\\a0eng\\
=019  c\$a2308682
=022  0\$a0261-1708
=040  \\$aUk$cUk$dUk
=082  04$a220
=210  0\$aUSPG netw.
=222  \0$aUSPG network
=245  00$aUSPG network
=246  3\$aUnited Society for the Propogation of the Gospel network
=246  3\$aNetwork (London. 1967)
=260  \\$aLondon :$bUnited Society for the Propogation of the Gospel
=336  \\$atext$2rdacontent
=337  \\$aunmediated$2rdamedia
=338  \\$avolume$2rdacarrier
=540  \\$aCurrent Copyright Fee: GBP25.00$c0$5Uk
=595  \\$aFORMERLY 6077.203056N.
=710  2\$aUnited Society for the Propagation of the Gospel.
=780  00$tNetwork (London. 1965)$x0028-3037
=886  2\$2blmarc$a092$b00$a9135.100530n
=945  \\$aUSPG NETWORK.
=963  \\$a1967- 1990 *A=1$bN$cRCS.PER.1735
=979  \\$aBritish Library$bDSC$j9135.100530N
=985  \\$aResponsibility for ISSN transferred to IC from ISSN UK Centre, 02.02.07
=ACF  \\$aPrevious copyright fee: GBP9.00$c0$e01-apr-2010$fGBP9.00$g0$hA$5Uk
=ACF  \\$aPrevious copyright fee: GBP6.00$c0$e01-apr-2008$fGBP6.00$g0$hA$5Uk
=ACF  \\$aPrevious copyright fee: GBP5.00$c0$e01-jul-2002$fGBP5.00$g0$hA$5Uk
=ACF  \\$aCurrent copyright fee: GBP4.40$c0$e01-jul-1998$fGBP4.40$g0$hA$5Uk
=ACF  \\$aCurrent copyright fee: GBP4.20$c0$e01-apr-1997$fGBP4.20$g0$hA$5Uk
=ACF  \\$aPrevious copyright fee: GBP10.50$c0$e01-jan-2011$fGBP10.50$g0$hA$5Uk
=ACF  \\$aPrevious copyright fee: GBP12.00$c0$e01-jan-2012$fGBP12.00$g0$hA$5Uk
=ACF  \\$aPrevious Copyright Fee: GBP12.30$c0$e01-jan-2014$fGBP12.30$g0$hA$5Uk
=ACF  \\$aPrevious Copyright Fee: GBP15.00$c0$e01-jan-2017$fGBP15.00$g0$hA$5Uk
=ACF  \\$aPrevious Copyright Fee: GBP17.50$c0$e01-jan-2018$fGBP17.50$g0$hA$5Uk
=ACF  \\$aPrevious Copyright Fee: GBP20.00$c0$e01-jan-2020$fGBP20.00$g0$hA$5Uk
=CAT  \\$aCONV$b00$c20040425$lBLL90$h0848
=CAT  \\$aBATCH-UPD$b00$c20100226$lBLL01$h0018
=CAT  \\$aBATCH-UPD$b00$c20100331$lBLL01$h2206
=CAT  \\$aBATCH-UPD$b00$c20100401$lBLL01$h0140
=CAT  \\$aBATCH$b00$c20100401$lBLL01$h0441
=CAT  \\$aBATCH$b00$c20100401$lBLL01$h1501
=CAT  \\$aBATCH-UPD$b00$c20101124$lBLL01$h1839
=CAT  \\$aBATCH-UPD$b00$c20101125$lBLL01$h1059
=CAT  \\$aIPL-CLA$c20101231$lBLL01$h1331
=CAT  \\$aWR11_203$c20111204$lBLL01$h1401
=CAT  \\$aIPL-CLA$c20111230$lBLL01$h1832
=CAT  \\$aBATCH-CLA$b00$c20121105$lBLL01$h1748
=CAT  \\$aWR13.005$c20130323$lBLL01$h1518
=CAT  \\$aBATCH-CLA$c20131218$lBLL01$h2239
=CAT  \\$aIPL-CLA$c20131231$lBLL01$h2058
=CAT  \\$aBATCH-CLA$b00$c20161222$lBLL01$h1729
=CAT  \\$aIPL-CLA$c20161230$lBLL01$h1931
=CAT  \\$aBATCH-CLA$b00$c20171222$lBLL01$h2032
=CAT  \\$aIPL-CLA$c20171231$lBLL01$h1502
=CAT  \\$aBATCH-CLA$b00$c20191219$lBLL01$h1654
=CAT  \\$aIPL-CLA$c20191231$lBLL01$h1818
=CAT  \\$aR2001-1524$c20200127$lBLL01$h1941
=CAT  \\$aBATCH-CLA$b00$c20201204$lBLL01$h1452
=CAT  \\$aIPL-CLA$c20201231$lBLL01$h2026
=CAT  \\$aBATCH-CLA$b00$c20221221$lBLL01$h1758
=CAT  \\$aIPL-CLA$c20221231$lBLL01$h1937
=CFI  0\$aCurrent Copyright Fee: GBP25.00$c0$e01-jan-2023$fGBP25.00$g0$hA$5Uk
=CFI  2\$aPrevious Copyright Fee: GBP22.50$c0$e01-jan-2021$fGBP22.50$g0$hA$5Uk
=FIN  \\$aY
=FMT  \\$a  SE
=LAS  \\$aIPL-CLA$b00$c20221231$lBLL01$h1937
=LEO  \\$aMP10.0000597589
=LEO  \\$aMP22.0000009142
=LKR  \\$aPAR$b012419298$lBLL01$r78000$mUSPG network$nNETWORK -LONDON- UNITED SOCIETY FOR THE PROPAGATION OF THE GOSPEL-.
=SRC  \\$aDSS01$bbibmp10.200404.2.aa
=SRC  \\$aISN01$bbibmp22.200404.2.aa
=TCO  \\$aCLA$bCLA$c008

