=LDR  05649cas a22011297a 4500
=001  010189550
=003  Uk
=005  20230210005249.0
=007  ta
=008  760630c19749999enkqr\p\\\\\\\0\\\a0eng\\
=022  0\$a0308-5678
=040  \\$aUk$cUk$dUk
=210  0\$aCommonw. youth news
=222  \0$aCommonwealth youth news
=245  00$aCommonwealth youth news
=260  \\$aLondon :$bCommonwealth Secretariat
=310  \\$aQuarterly
=336  \\$atext$2rdacontent
=337  \\$aunmediated$2rdamedia
=338  \\$avolume$2rdacarrier
=540  \\$aCurrent Copyright Fee: GBP25.00$c0$5Uk
=710  2\$aCommonwealth Secretariat.
=985  \\$aResponsibility for ISSN transferred to the IC from the UK Centre, 29.10.08
=ACF  \\$aPrevious Copyright Fee: GBP12.00$c0$e01-apr-2012$fGBP12.00$g0$hC$5Uk
=ACF  \\$aPrevious Copyright Fee: GBP12.00$c0$e01-jan-2012$fGBP12.00$g0$hC$5Uk
=ACF  \\$aPrevious Copyright Fee: GBP10.50$c0$e01-oct-2011$fGBP10.50$g0$hC$5Uk
=ACF  \\$aPrevious Copyright Fee: GBP10.50$c0$e01-jul-2011$fGBP10.50$g0$hC$5Uk
=ACF  \\$aPrevious Copyright Fee: GBP10.50$c0$e01-apr-2011$fGBP10.50$g0$hC$5Uk
=ACF  \\$aPrevious Copyright Fee: GBP10.50$c0$e01-jan-2011$fGBP10.50$g0$hC$5Uk
=ACF  \\$aPrevious Copyright Fee: GBP9.00$c0$e01-oct-2010$fGBP9.00$g0$hC$5Uk
=ACF  \\$aPrevious Copyright Fee: GBP9.00$c0$e01-jul-2010$fGBP9.00$g0$hC$5Uk
=ACF  \\$aPrevious Copyright Fee: GBP9.00$c0$e01-apr-2010$fGBP9.00$g0$hC$5Uk
=ACF  \\$aPrevious Copyright Fee: GBP9.00$c0$e01-Jan-2010$fGBP9.00$g0$hC$5Uk
=ACF  \\$aPrevious Copyright Fee: GBP6.00$c0$e01-oct-2009$fGBP6.00$g0$hC$5Uk
=ACF  \\$aPrevious Copyright Fee: GBP6.00$c0$e01-jul-2009$fGBP6.00$g0$hC$5Uk
=ACF  \\$aPrevious Copyright Fee: GBP6.00$c0$e01-apr-2009$fGBP6.00$g0$hC$5Uk
=ACF  \\$aPrevious Copyright Fee: GBP6.00$c0$e01-jan-2009$fGBP6.00$g0$hC$5Uk
=ACF  \\$aPrevious Copyright Fee: GBP6.00$c0$e01-oct-2008$fGBP6.00$g0$hC$5Uk
=ACF  \\$aPrevious Copyright Fee: GBP6.00$c0$e01-jul-2008$fGBP6.00$g0$hC$5Uk
=ACF  \\$aPrevious Copyright Fee: GBP6.00$c0$e01-apr-2008$fGBP6.00$g0$hC$5Uk
=ACF  \\$aPrevious Copyright Fee: GBP6.00$c0$e01-jan-2008$fGBP6.00$g0$hC$5Uk
=ACF  \\$aPrevious Copyright Fee: GBP5.00$c0$e01-oct-2007$fGBP5.00$g0$hC$5Uk
=ACF  \\$aPrevious Copyright Fee: GBP5.00$c0$e01-jul-2007$fGBP5.00$g0$hC$5Uk
=ACF  \\$aPrevious Copyright Fee: GBP5.00$c0$e01-apr-2007$fGBP5.00$g0$hC$5Uk
=ACF  \\$aPrevious Copyright Fee: GBP5.00$c0$e01-jan-2007$fGBP5.00$g0$hC$5Uk
=ACF  \\$aPrevious Copyright Fee: GBP5.00$c0$e01-oct-2006$fGBP5.00$g0$hC$5Uk
=ACF  \\$aPrevious Copyright Fee: GBP5.00$c0$e01-jul-2006$fGBP5.00$g0$hC$5Uk
=ACF  \\$aPrevious Copyright Fee: GBP5.00$c0$e01-apr-2006$fGBP5.00$g0$hC$5Uk
=ACF  \\$aPrevious Copyright Fee: GBP5.00$c0$e01-jan-2006$fGBP5.00$g0$hC$5Uk
=ACF  \\$aPrevious Copyright Fee: GBP5.00$c0$e01-oct-2005$fGBP5.00$g0$hC$5Uk
=ACF  \\$aPrevious Copyright Fee: GBP5.00$c0$e01-jul-2005$fGBP5.00$g0$hC$5Uk
=ACF  \\$aPrevious Copyright Fee: GBP5.00$c0$e01-apr-2005$fGBP5.00$g0$hC$5Uk
=ACF  \\$aPrevious Copyright Fee: GBP5.00$c0$e01-jan-2005$fGBP5.00$g0$hC$5Uk
=ACF  \\$aPrevious Copyright Fee: GBP5.00$c0$e01-oct-2004$fGBP5.00$g0$hC$5Uk
=ACF  \\$aPrevious Copyright Fee: GBP12.00$c0$e01-jul-2012$fGBP12.00$g0$hC$5Uk
=ACF  \\$aPrevious Copyright Fee: GBP12.00$c0$e01-oct-2012$fGBP12.00$g0$hC$5Uk
=ACF  \\$aPrevious Copyright Fee: GBP12.30$c0$e01-jan-2014$fGBP12.30$g0$hC$5Uk
=ACF  \\$aPrevious Copyright Fee: GBP15.00$c0$e01-jan-2017$fGBP15.00$g0$hC$5Uk
=ACF  \\$aPrevious Copyright Fee: GBP17.50$c0$e01-jan-2018$fGBP17.50$g0$hC$5Uk
=ACF  \\$aPrevious Copyright Fee: GBP20.00$c0$e01-jan-2020$fGBP20.00$g0$hC$5Uk
=ACF  \\$aPrevious Copyright Fee: GBP22.50$c0$e01-jan-2021$fGBP22.50$g0$hC$5Uk
=CAT  \\$aCONV$b00$c20040425$lBLL90$h0849
=CAT  \\$aBATCH-CLA$b00$c20110531$lBLL01$h1630
=CAT  \\$aIPL-CLA$c20110630$lBLL01$h1525
=CAT  \\$aBATCH-CLA$b00$c20110831$lBLL01$h1753
=CAT  \\$aIPL-CLA$c20110930$lBLL01$h1526
=CAT  \\$aBATCH-CLA$b00$c20111130$lBLL01$h1213
=CAT  \\$aIPL-CLA$c20111230$lBLL01$h1833
=CAT  \\$aBATCH-CLA$b00$c20120229$lBLL01$h1604
=CAT  \\$aIPL-CLA$c20120330$lBLL01$h1412
=CAT  \\$aBATCH-CLA$b00$c20120531$lBLL01$h1714
=CAT  \\$aIPL-CLA$c20120629$lBLL01$h1010
=CAT  \\$aBATCH-CLA$b00$c20120831$lBLL01$h1530
=CAT  \\$aIPL-CLA$c20120930$lBLL01$h2036
=CAT  \\$aBATCH-CLA$b00$c20121105$lBLL01$h1748
=CAT  \\$aBATCH-CLA$b00$c20131129$lBLL01$h1639
=CAT  \\$aIPL-CLA$c20131231$lBLL01$h2100
=CAT  \\$aBATCH-CLA$b00$c20161130$lBLL01$h1643
=CAT  \\$aIPL-CLA$c20161230$lBLL01$h1932
=CAT  \\$aBATCH-CLA$b00$c20171130$lBLL01$h1705
=CAT  \\$aIPL-CLA$c20171231$lBLL01$h1503
=CAT  \\$aBATCH-CLA$b00$c20191129$lBLL01$h1624
=CAT  \\$aIPL-CLA$c20191231$lBLL01$h1819
=CAT  \\$aBATCH-CLA$b00$c20201126$lBLL01$h1414
=CAT  \\$aIPL-CLA$c20201231$lBLL01$h2027
=CAT  \\$aBATCH-CLA$b00$c20221130$lBLL01$h1448
=CAT  \\$aIPL-CLA$c20221231$lBLL01$h1938
=CAT  \\$aBATCH-CLA$b00$c20230209$lBLL01$h1535
=CAT  \\$aIPL-CLA$c20230210$lBLL01$h0052
=CFI  0\$aCurrent Copyright Fee: GBP25.00$c0$e09-feb-2023$fGBP25.00$g0$hC$5Uk
=CFI  2\$aBritish Library not licensed to copy$c0$e01-jan-2023$hC$iCFP Excluded$5Uk
=FIN  \\$aY
=FMT  \\$a  SE
=LAS  \\$aIPL-CLA$b00$c20230210$lBLL01$h0052
=LEO  \\$aMP22.0000021194
=SRC  \\$aISN01$bbibmp22.200404.2.aa
=TCO  \\$aCLA$bCLA$c008

