=LDR  01574 as a22004217a 4500
=001  010190790
=003  Uk
=005  20070426084024.0
=007  ta
=008  040419d19511965enk\x\m\\\\\\\0\\\b0mul\\
=022  0\$a0370-8403
=030  \\$aSAPUAT
=040  \\$aUk$cUk$dUk
=210  0\$aPubl. - Sci. Counc. Afr. South Sahara
=222  \0$aPublication - Scientific Council for Africa South of the Sahara
=245  00$aPublication - Scientific Council for Africa South of the Sahara.
=246  13$aScientific Council for Africa publication
=246  13$aCommission for Technical Co-Operation in Africa publication
=246  13$aCSA publication
=246  13$aConseil Scientifique pour l'Afrique au Sud du Sahara publication
=260  \\$aLondon :$bScientific Council for Africa South of the Sahara
=336  \\$atext$2rdacontent
=337  \\$aunmediated$2rdamedia
=338  \\$avolume$2rdacarrier
=710  2\$aScientific Council for Africa South of the Sahara.
=710  2\$aCommission for Technical Co-operation in Africa South of the Sahara.
=985  \\$aResponsibility for ISSN transferred to the International Centre from ISSN UK, 26.04.07
=CAT  \\$aCONV$b00$c20040425$lBLL90$h0849
=CAT  \\$aCONV$b00$c20040502$lBLL01$h1351
=CAT  \\$aglobal_upd$b40$c20060417$lBLL01$h1733
=CAT  \\$a6537$b40$c20070426$lBLL01$h0840
=CAT  \\$aBATCH$b00$c20091210$lBLL01$h0035
=FIN  \\$aY
=FMT  \\$a  SE
=LAS  \\$aBATCH$b00$c20091210$lBLL01$h0035
=LEO  \\$aMP22.0000023017
=SRC  \\$aISN01$bbibmp22.200404.2.aa
=TCO  \\$aCLA$bCLA$c008

