=LDR  01456 as a22003853i 4500
=001  010820765
=003  Uk
=005  20060310083348.0
=007  ta
=008  921210d19921993xxkq|\\|\|\\\||\\\a0eng\\
=022  0\$a0967-9634
=040  \\$aUk$cUk
=210  0\$aQ. econ. rev. - Eur. Bank Reconstr. Dev.
=222  \0$aQuarterly economic review - European Bank for Reconstruction and Development
=245  00$aQuarterly economic review - European Bank for Reconstruction and Development
=260  \\$aLondon :$bEuropean Bank for Reconstruction and Development.
=336  \\$atext$2rdacontent
=337  \\$aunmediated$2rdamedia
=338  \\$avolume$2rdacarrier
=710  2\$aEuropean Bank for Reconstruction and Development.
=785  00$tEBRD economic review$x1351-8259
=985  \\$aISSN responsibility taken by International ISSN Centre - 12/6/2002
=CAT  \\$aCONV$b00$c20040425$lBLL90$h0849
=CAT  \\$aCONV$b00$c20040502$lBLL01$h1412
=CAT  \\$a11313$b40$c20040727$lBLL01$h1307
=CAT  \\$a11316$b40$c20060310$lBLL01$h0833
=CAT  \\$aglobal_upd$b40$c20060417$lBLL01$h1756
=CAT  \\$aBATCH$b00$c20091210$lBLL01$h0237
=FIN  \\$aY
=FMT  \\$a  SE
=LAS  \\$aBATCH$b00$c20091210$lBLL01$h0237
=LEO  \\$aMP22.0000039106
=LKR  \\$aPAR$b010821851$r785$mQuarterly economic review _ European Bank for Reconstruction and Development$nEBRD economic review
=SRC  \\$aISN01$bbibmp22.200404.2.aa
=TCO  \\$aCLA$bCLA$c008

