=LDR  01274 as a22003733i 4500
=001  010821851
=003  Uk
=005  20060310083648.0
=007  ta
=008  931109c19939999xxku|0\|||\\\||\\\a0eng\\
=022  0\$a1351-8259
=040  \\$aUk$cUk
=210  0\$aEBRD econ. rev.
=222  \0$aEBRD economic review
=245  00$aEBRD economic review
=246  00$aEuropean Bank for Reconstruction and Development economic review
=260  \\$aLondon :$bEuropean Bank for Reconstruction and Development.
=336  \\$atext$2rdacontent
=337  \\$aunmediated$2rdamedia
=338  \\$avolume$2rdacarrier
=710  2\$aEuropean Bank for Reconstruction and Development.
=780  00$tQuarterly economic review _ European Bank for Reconstruction and Development$x0967-9634
=985  \\$aISSN responsibility taken by International ISSN Centre - 13.6.02
=CAT  \\$aCONV$b00$c20040425$lBLL90$h0849
=CAT  \\$aCONV$b00$c20040502$lBLL01$h1412
=CAT  \\$a11313$b40$c20040727$lBLL01$h1326
=CAT  \\$a11316$b40$c20060310$lBLL01$h0836
=CAT  \\$aglobal_upd$b40$c20060417$lBLL01$h1756
=FIN  \\$aY
=FMT  \\$a  SE
=LAS  \\$aglobal_upd$b40$c20060417$lBLL01$h1756
=LEO  \\$aMP22.0000041985
=SRC  \\$aISN01$bbibmp22.200404.2.aa
=TCO  \\$aCLA$bCLA$c008

