=LDR  01131 as a22003613i 4500
=001  011457405
=003  Uk
=005  20050331154944.0
=007  cr||||
=008  990308c199u9999xxuu|2p|s|\\\||\\\a0eng\\
=022  0\$a1466-1268
=040  \\$aUk$cUk
=210  0\$aCell stress chaperones$b(Online)
=222  \0$aCell stress and chaperones$b(Online)
=245  00$aCell stress and chaperones
=260  \\$aEdinburgh :$bChurchill Livingstone.
=336  \\$atext$2rdacontent
=337  \\$acomputer$2rdamedia
=338  \\$aonline resource$2rdacarrier
=776  0\$tCell stress and chaperones (Print)$x1355-8145
=985  \\$aNSDP taken ISSN responsibility Dec. 2003
=CAT  \\$aCONV$b00$c20040425$lBLL90$h0850
=CAT  \\$aCONV$b00$c20040502$lBLL01$h1434
=CAT  \\$a11316$b40$c20050331$lBLL01$h1549
=CAT  \\$aglobal_upd$b40$c20060417$lBLL01$h1818
=CAT  \\$aBATCH$b00$c20091210$lBLL01$h0503
=CAT  \\$aBATCH$b00$c20091214$lBLL01$h0706
=FIN  \\$aY
=FMT  \\$a  SE
=LAS  \\$aBATCH$b00$c20091214$lBLL01$h0706
=LEO  \\$aMP22.0000060766
=SRC  \\$aISN01$bbibmp22.200404.2.aa
=TCO  \\$aTRS$bCCC$c008

