=LDR  01311 as a22003973i 4500
=001  011457768
=003  Uk
=005  20210401090805.0
=007  cr||||
=008  000404c19999999sz\qr\p\s\\\\\0\\\a0eng\\
=022  \\$a1467-3045
=040  \\$aUk$cUk$dUk
=210  0\$aCurr. issues mol. biol.$b(Online)
=222  \0$aCurrent issues in molecular biology$b(Online)
=245  00$aCurrent issues in molecular biology
=260  \\$aWymondham :$bCaister Academic.
=264  31$32021-$aBasel :$bMDPI
=336  \\$atext$2rdacontent
=337  \\$acomputer$2rdamedia
=338  \\$aonline resource$2rdacarrier
=776  0\$tCurrent issues in molecular biology (Print)$x1467-3037
=856  40$uhttps://www.mdpi.com/journal/cimb
=985  \\$aISSN responsibility passed to ISSN Switzerland (01/04/21)
=CAT  \\$aCONV$b00$c20040425$lBLL90$h0850
=CAT  \\$aCONV$b00$c20040502$lBLL01$h1434
=CAT  \\$aglobal_upd$b40$c20060417$lBLL01$h1818
=CAT  \\$aBATCH$b00$c20091210$lBLL01$h0503
=CAT  \\$aBATCH$b00$c20091214$lBLL01$h0706
=CAT  \\$a10806$b40$c20210401$lBLL01$h0901
=CAT  \\$a10806$b40$c20210401$lBLL01$h0908
=FIN  \\$aY
=FMT  \\$a  SE
=LAS  \\$a10806$b40$c20210401$lBLL01$h0908
=LEO  \\$aMP22.0000061700
=SRC  \\$aISN01$bbibmp22.200404.2.aa
=TCO  \\$aCLA$bCLA$c008

