=LDR  05659cas a22011173i 4500
=001  011458852
=003  Uk
=005  20230210005720.0
=007  ta
=008  000404c199u9999xxka||m|||\\\||\\\a0eng\\
=022  0\$a1470-3963$202
=040  \\$aUk$cUk
=210  0\$aCtry. profile$b(Lond.)
=222  \0$aCountry profile$b(London)
=245  00$aCountry profile
=260  \\$aLondon :$bEuropean Bank for Reconstruction and Development.
=336  \\$atext$2rdacontent
=337  \\$aunmediated$2rdamedia
=338  \\$avolume$2rdacarrier
=540  \\$aCurrent Copyright Fee: GBP25.00$c0$5Uk
=710  2\$aEuropean Bank for Reconstruction and Development.
=985  \\$aISSN responsibility taken by International ISSN Centre - 10/3/06
=ACF  \\$aPrevious Copyright Fee: GBP12.00$c0$e01-apr-2012$fGBP12.00$g0$hC$5Uk
=ACF  \\$aPrevious Copyright Fee: GBP12.00$c0$e01-jan-2012$fGBP12.00$g0$hC$5Uk
=ACF  \\$aPrevious Copyright Fee: GBP10.50$c0$e01-oct-2011$fGBP10.50$g0$hC$5Uk
=ACF  \\$aPrevious Copyright Fee: GBP10.50$c0$e01-jul-2011$fGBP10.50$g0$hC$5Uk
=ACF  \\$aPrevious Copyright Fee: GBP10.50$c0$e01-apr-2011$fGBP10.50$g0$hC$5Uk
=ACF  \\$aPrevious Copyright Fee: GBP10.50$c0$e01-jan-2011$fGBP10.50$g0$hC$5Uk
=ACF  \\$aPrevious Copyright Fee: GBP9.00$c0$e01-oct-2010$fGBP9.00$g0$hC$5Uk
=ACF  \\$aPrevious Copyright Fee: GBP9.00$c0$e01-jul-2010$fGBP9.00$g0$hC$5Uk
=ACF  \\$aPrevious Copyright Fee: GBP9.00$c0$e01-apr-2010$fGBP9.00$g0$hC$5Uk
=ACF  \\$aPrevious Copyright Fee: GBP9.00$c0$e01-Jan-2010$fGBP9.00$g0$hC$5Uk
=ACF  \\$aPrevious Copyright Fee: GBP6.00$c0$e01-oct-2009$fGBP6.00$g0$hC$5Uk
=ACF  \\$aPrevious Copyright Fee: GBP6.00$c0$e01-jul-2009$fGBP6.00$g0$hC$5Uk
=ACF  \\$aPrevious Copyright Fee: GBP6.00$c0$e01-apr-2009$fGBP6.00$g0$hC$5Uk
=ACF  \\$aPrevious Copyright Fee: GBP6.00$c0$e01-jan-2009$fGBP6.00$g0$hC$5Uk
=ACF  \\$aPrevious Copyright Fee: GBP6.00$c0$e01-oct-2008$fGBP6.00$g0$hC$5Uk
=ACF  \\$aPrevious Copyright Fee: GBP6.00$c0$e01-jul-2008$fGBP6.00$g0$hC$5Uk
=ACF  \\$aPrevious Copyright Fee: GBP6.00$c0$e01-apr-2008$fGBP6.00$g0$hC$5Uk
=ACF  \\$aPrevious Copyright Fee: GBP6.00$c0$e01-jan-2008$fGBP6.00$g0$hC$5Uk
=ACF  \\$aPrevious Copyright Fee: GBP5.00$c0$e01-oct-2007$fGBP5.00$g0$hC$5Uk
=ACF  \\$aPrevious Copyright Fee: GBP5.00$c0$e01-jul-2007$fGBP5.00$g0$hC$5Uk
=ACF  \\$aPrevious Copyright Fee: GBP5.00$c0$e01-apr-2007$fGBP5.00$g0$hC$5Uk
=ACF  \\$aPrevious Copyright Fee: GBP5.00$c0$e01-jan-2007$fGBP5.00$g0$hC$5Uk
=ACF  \\$aPrevious Copyright Fee: GBP5.00$c0$e01-oct-2006$fGBP5.00$g0$hC$5Uk
=ACF  \\$aPrevious Copyright Fee: GBP5.00$c0$e01-jul-2006$fGBP5.00$g0$hC$5Uk
=ACF  \\$aPrevious Copyright Fee: GBP5.00$c0$e01-apr-2006$fGBP5.00$g0$hC$5Uk
=ACF  \\$aPrevious Copyright Fee: GBP5.00$c0$e01-jan-2006$fGBP5.00$g0$hC$5Uk
=ACF  \\$aPrevious Copyright Fee: GBP5.00$c0$e01-oct-2005$fGBP5.00$g0$hC$5Uk
=ACF  \\$aPrevious Copyright Fee: GBP5.00$c0$e01-jul-2005$fGBP5.00$g0$hC$5Uk
=ACF  \\$aPrevious Copyright Fee: GBP5.00$c0$e01-apr-2005$fGBP5.00$g0$hC$5Uk
=ACF  \\$aPrevious Copyright Fee: GBP5.00$c0$e01-jan-2005$fGBP5.00$g0$hC$5Uk
=ACF  \\$aPrevious Copyright Fee: GBP5.00$c0$e01-oct-2004$fGBP5.00$g0$hC$5Uk
=ACF  \\$aPrevious Copyright Fee: GBP12.00$c0$e01-jul-2012$fGBP12.00$g0$hC$5Uk
=ACF  \\$aPrevious Copyright Fee: GBP12.00$c0$e01-oct-2012$fGBP12.00$g0$hC$5Uk
=ACF  \\$aPrevious Copyright Fee: GBP12.30$c0$e01-jan-2014$fGBP12.30$g0$hC$5Uk
=ACF  \\$aPrevious Copyright Fee: GBP15.00$c0$e01-jan-2017$fGBP15.00$g0$hC$5Uk
=ACF  \\$aPrevious Copyright Fee: GBP17.50$c0$e01-jan-2018$fGBP17.50$g0$hC$5Uk
=ACF  \\$aPrevious Copyright Fee: GBP20.00$c0$e01-jan-2020$fGBP20.00$g0$hC$5Uk
=ACF  \\$aPrevious Copyright Fee: GBP22.50$c0$e01-jan-2021$fGBP22.50$g0$hC$5Uk
=CAT  \\$aCONV$b00$c20040425$lBLL90$h0850
=CAT  \\$aBATCH-CLA$b00$c20110531$lBLL01$h1639
=CAT  \\$aIPL-CLA$c20110630$lBLL01$h1534
=CAT  \\$aBATCH-CLA$b00$c20110831$lBLL01$h1737
=CAT  \\$aIPL-CLA$c20110930$lBLL01$h1537
=CAT  \\$aBATCH-CLA$b00$c20111130$lBLL01$h1204
=CAT  \\$aIPL-CLA$c20111230$lBLL01$h1929
=CAT  \\$aBATCH-CLA$b00$c20120229$lBLL01$h1604
=CAT  \\$aIPL-CLA$c20120330$lBLL01$h1424
=CAT  \\$aBATCH-CLA$b00$c20120531$lBLL01$h1709
=CAT  \\$aIPL-CLA$c20120629$lBLL01$h1022
=CAT  \\$aBATCH-CLA$b00$c20120831$lBLL01$h1528
=CAT  \\$aIPL-CLA$c20120930$lBLL01$h2101
=CAT  \\$aBATCH-CLA$b00$c20121108$lBLL01$h1736
=CAT  \\$aBATCH-CLA$b00$c20131129$lBLL01$h1646
=CAT  \\$aIPL-CLA$c20131231$lBLL01$h2220
=CAT  \\$aBATCH-CLA$b00$c20161130$lBLL01$h1629
=CAT  \\$aIPL-CLA$c20161230$lBLL01$h2021
=CAT  \\$aBATCH-CLA$b00$c20171130$lBLL01$h1655
=CAT  \\$aIPL-CLA$c20171231$lBLL01$h1545
=CAT  \\$aBATCH-CLA$b00$c20191129$lBLL01$h1623
=CAT  \\$aIPL-CLA$c20191231$lBLL01$h1852
=CAT  \\$aBATCH-CLA$b00$c20201126$lBLL01$h1414
=CAT  \\$aIPL-CLA$c20201231$lBLL01$h2109
=CAT  \\$aBATCH-CLA$b00$c20221130$lBLL01$h1439
=CAT  \\$aIPL-CLA$c20221231$lBLL01$h2015
=CAT  \\$aBATCH-CLA$b00$c20230209$lBLL01$h1526
=CAT  \\$aIPL-CLA$c20230210$lBLL01$h0057
=CFI  0\$aCurrent Copyright Fee: GBP25.00$c0$e09-feb-2023$fGBP25.00$g0$hC$5Uk
=CFI  2\$aBritish Library not licensed to copy$c0$e01-jan-2023$hC$iCFP Excluded$5Uk
=FIN  \\$aY
=FMT  \\$a  SE
=LAS  \\$aIPL-CLA$b00$c20230210$lBLL01$h0057
=LEO  \\$aMP22.0000064048
=SRC  \\$aISN01$bbibmp22.200404.2.aa
=TCO  \\$aCLA$bCLA$c008

