=LDR  03208cas a22007697i 4500
=001  012089700
=003  Uk
=005  20221231203526.0
=007  cr||||||||||||
=008  030507c20019999vaumr\p\s\\\\\0\\\a0eng\\
=015  \\$aGBA864804$2bnb
=022  0\$a1740-5394
=040  \\$aUk$beng$cUk
=222  \0$aWorld data protection report$b(Online)
=245  00$aWorld data protection report.
=260  \\$aLondon :$bBNA International,$c2002-
=336  \\$atext$2rdacontent
=337  \\$acomputer$2rdamedia
=338  \\$aonline resource$2rdacarrier
=540  \\$aCurrent Copyright Fee: GBP25.00$c0$5Uk
=710  2\$aBNA International Inc.
=776  0\$tWorld data protection report$x1473-3579
=945  \\$aWorld data protection report
=979  \\$aBritish Library$bDSC$j9354.105500N
=985  \\$aISSN note: responsibility for ISSN transferred from ISSN UK Centre to US ISSN Center, 30.05.14.
=ACF  \\$aPrevious copyright fee: GBP9.00$c0$e01-apr-2010$fGBP9.00$g0$hA$5Uk
=ACF  \\$aPrevious copyright fee: GBP6.00$c0$e07-may-2008$fGBP6.00$g0$hA$5Uk
=ACF  \\$aPrevious copyright fee: GBP10.50$c0$e01-jan-2011$fGBP10.50$g0$hA$5Uk
=ACF  \\$aPrevious copyright fee: GBP12.00$c0$e01-jan-2012$fGBP12.00$g0$hA$5Uk
=ACF  \\$aPrevious Copyright Fee: GBP12.30$c0$e01-jan-2014$fGBP12.30$g0$hA$5Uk
=ACF  \\$aPrevious Copyright Fee: GBP15.00$c0$e01-jan-2017$fGBP15.00$g0$hA$5Uk
=ACF  \\$aPrevious Copyright Fee: GBP17.50$c0$e01-jan-2018$fGBP17.50$g0$hA$5Uk
=ACF  \\$aPrevious Copyright Fee: GBP20.00$c0$e01-jan-2020$fGBP20.00$g0$hA$5Uk
=CAT  \\$aCONV$b00$c20040425$lBLL90$h0850
=CAT  \\$aBATCH$b00$c20100401$lBLL01$h0539
=CAT  \\$aBATCH$b00$c20100401$lBLL01$h1610
=CAT  \\$aBATCH-UPD$b00$c20101124$lBLL01$h1931
=CAT  \\$aBATCH-UPD$b00$c20101125$lBLL01$h1159
=CAT  \\$aIPL-CLA$c20101231$lBLL01$h1451
=CAT  \\$aWR11_203$c20111204$lBLL01$h1454
=CAT  \\$aIPL-CLA$c20111230$lBLL01$h1956
=CAT  \\$aBATCH-CLA$b00$c20121109$lBLL01$h1741
=CAT  \\$aWR12_168$c20121206$lBLL01$h1814
=CAT  \\$aBATCH-CLA$c20131220$lBLL01$h2001
=CAT  \\$aIPL-CLA$c20131231$lBLL01$h2259
=CAT  \\$a11315$b40$c20140530$lBLL01$h1323
=CAT  \\$aBATCH-CLA$b00$c20161222$lBLL01$h1755
=CAT  \\$aIPL-CLA$c20161230$lBLL01$h2053
=CAT  \\$aW1711-1225$c20171203$lBLL01$h1019
=CAT  \\$aBATCH-CLA$b00$c20171222$lBLL01$h2113
=CAT  \\$aIPL-CLA$c20171231$lBLL01$h1608
=CAT  \\$aBATCH-CLA$b00$c20191219$lBLL01$h1722
=CAT  \\$aIPL-CLA$c20191231$lBLL01$h1910
=CAT  \\$aR2001-1524$c20200127$lBLL01$h1957
=CAT  \\$a8874$b40$c20201112$lBLL01$h0828
=CAT  \\$aBATCH-CLA$b00$c20201204$lBLL01$h1522
=CAT  \\$aIPL-CLA$c20201231$lBLL01$h2131
=CAT  \\$aBATCH-CLA$b00$c20221221$lBLL01$h1829
=CAT  \\$aIPL-CLA$c20221231$lBLL01$h2035
=CFI  0\$aCurrent Copyright Fee: GBP25.00$c0$e01-jan-2023$fGBP25.00$g0$hA$5Uk
=CFI  2\$aPrevious Copyright Fee: GBP22.50$c0$e01-jan-2021$fGBP22.50$g0$hA$5Uk
=FIN  \\$aY
=FMT  \\$a  SE
=LAS  \\$aIPL-CLA$b00$c20221231$lBLL01$h2035
=LEO  \\$aMP22.0000070966
=SRC  \\$aISN01$bbibmp22.200404.2.aa
=TCO  \\$aCLA$bCLA$c008

