=LDR  01750 as a22004577a 4500
=001  012089843
=003  Uk
=005  20130109084837.0
=007  cr||||||||||||
=008  030728c19959999xxkbr\p\s\\\\\0\\\a0eng\\
=022  0\$a1741-0800
=040  \\$aUk$cUk$dUk
=082  04$a610.28
=210  0\$aIFMBE news$b(Online)
=222  \0$aIFMBE news$b(Online)
=245  00$aIFMBE news$h[electronic resource].
=246  3\$aInternational Federation for Medical and Biological Engineering news (Online)
=260  \\$aStevenage :$bPeter Peregrinus
=260  3\$a[S.l.] :$bInternational Federation for Medical and Biological Engineering
=336  \\$atext$2rdacontent
=337  \\$acomputer$2rdamedia
=338  \\$aonline resource$2rdacarrier
=710  2\$aInternational Federation for Medical and Biological Engineering.
=776  0\$tIFMBE news$x1359-0944
=856  4\$uhttp://ifmbe-news.iee.org/ \9 20120607$zLink no longer valid
=856  40$uhttp://www.ifmbe.org/index.php?option=com_content&view=article&id=104:ifmbe-news&catid=38&Itemid=193
=985  \\$aISSN Centre note: Break in publication 2007-2011. ISSN responsibility transfered to International ISSN Centre 9/1/2013.
=CAT  \\$aCONV$b00$c20040425$lBLL90$h0850
=CAT  \\$aCONV$b00$c20040502$lBLL01$h1456
=CAT  \\$aglobal_upd$b40$c20060417$lBLL01$h1841
=CAT  \\$aBATCH$b00$c20091210$lBLL01$h0648
=CAT  \\$a8323$b40$c20121004$lBLL01$h1433
=CAT  \\$a8323$b40$c20121004$lBLL01$h1434
=CAT  \\$a11316$b40$c20121228$lBLL01$h1345
=CAT  \\$a11316$b40$c20130109$lBLL01$h0848
=FIN  \\$aY
=FMT  \\$a  SE
=LAS  \\$a11316$b40$c20130109$lBLL01$h0848
=LEO  \\$aMP22.0000071183
=SRC  \\$aISN01$bbibmp22.200404.2.aa
=TCO  \\$aCLA$bCLA$c008

