=LDR  01148 as a22003138a 4500
=001  012900832
=003  Uk
=005  20121231112719.0
=006  m\\\\\\\\d\|\\\\\\
=007  cr||||||||||||
=008  040419c20029999ilumr\p\s\\\\\0\\\a0eng\\
=022  0\$a1476-1645
=040  \\$aUk$beng$cUk
=222  \0$aAmerican journal of tropical medicine and hygiene$b(Online)
=245  00$aAmerican journal of tropical medicine and hygiene$h[electronic resource].
=260  \\$a[Northbrook, Ill.] :$bAmerican Society of Tropical Medicine and Hygiene
=336  \\$atext$2rdacontent
=337  \\$acomputer$2rdamedia
=338  \\$aonline resource$2rdacarrier
=710  2\$aAmerican Society of Tropical Medicine and Hygiene.
=776  0\$tAmerican journal of tropical medicine and hygiene$x0002-9637
=985  \\$aResponsibility for ISSN transferred to NSDP from UK ISSN Centre, 19/05/06
=CAT  \\$a8323$b40$c20040419$lTMP01$h1531
=CAT  \\$aEXLIBRIS$c20040606$lBLL01$h1132
=CAT  \\$a6537$b40$c20060519$lBLL01$h0916
=CAT  \\$a8874$b40$c20121231$lBLL01$h1127
=FMT  \\$a  SE
=LAS  \\$a8874$b40$c20121231$lBLL01$h1127
=TCO  \\$aTRS$bCCC$c008

