=LDR  01391 as a22003978a 4500
=001  012901840
=003  Uk
=005  20210615113915.0
=008  040421d19661966nyuuu\p\\\\\\\0\\\a0eng\\
=022  \\$a0065-1842
=040  \\$aUk$beng$cUk
=222  \0$aAd$b(New York, N.Y. : 1966)
=245  00$aAD.
=246  1\$aInternational survey of advertisements
=264  \1$aNew York :$bPraeger
=336  \\$atext$2rdacontent
=337  \\$aunmediated$2rdamedia
=338  \\$avolume$2rdacarrier
=540  \\$aBritish Library not licensed to copy$c0$5Uk
=985  \\$aISSN UK Centre: record US responsibility in Portal (KTF project, June 2021).
=CAT  \\$a8201$b40$c20040421$lTMP01$h1201
=CAT  \\$aEXLIBRIS$c20040606$lBLL01$h1132
=CAT  \\$aBATCH-CLA$b00$c20121130$lBLL01$h1236
=CAT  \\$aIPL-CLA$c20121231$lBLL01$h1311
=CAT  \\$aIPL-CLA$c20130102$lBLL01$h1730
=CAT  \\$aBATCH-CLA$b00$c20131129$lBLL01$h1652
=CAT  \\$aIPL-CLA$c20131231$lBLL01$h2336
=CAT  \\$a8456$b40$c20140327$lBLL01$h1437
=CAT  \\$aBATCH-CLA$b00$c20140530$lBLL01$h1708
=CAT  \\$aIPL-CLA$c20140630$lBLL01$h1720
=CAT  \\$a10973$b40$c20210615$lBLL01$h1138
=CAT  \\$a10973$b40$c20210615$lBLL01$h1139
=CFI  0\$aBritish Library not licensed to copy$c0$e01-jul-2014$hC$iCFP Excluded$5Uk
=FMT  \\$a  SE
=LAS  \\$a10973$b40$c20210615$lBLL01$h1139
=TCO  \\$aCLA$bCLA$c008

