=LDR  01059cas a22003258a 4500
=001  012904233
=003  Uk
=005  20230317092242.0
=007  ta
=008  040423c19999999enkbr\p\\\\\\\0\\\a0eng\\
=022  0\$a1465-9085$202
=040  \\$aUk$beng$cUk
=222  \0$aCelebrity style shortcuts
=245  00$aCelebrity style shortcuts.
=260  \\$aDorking :$bIan Watts International
=263  \\$a199904
=310  \\$aBimonthly
=336  \\$atext$2rdacontent
=337  \\$aunmediated$2rdamedia
=338  \\$avolume$2rdacarrier
=985  \\$aISSN UK Centre: published in US, record available on OCLC. Querying with US Center re: transfer of responsibility and completion. DLW 17/3/23
=CAT  \\$a11194$b40$c20040423$lTMP01$h1514
=CAT  \\$aEXLIBRIS$c20040606$lBLL01$h1132
=CAT  \\$a11130$b40$c20120528$lBLL01$h0959
=CAT  \\$a5466D$b40$c20230307$lBLL01$h1425
=CAT  \\$a5466D$b40$c20230307$lBLL01$h1436
=CAT  \\$a10973$b40$c20230317$lBLL01$h0922
=FMT  \\$a  SE
=LAS  \\$a10973$b40$c20230317$lBLL01$h0922
=TCO  \\$aCLA$bCLA$c008

