=LDR  01013cas a22003018a 4500
=001  012905122
=003  Uk
=005  20230331115941.0
=006  m\\\\\\\\d\|\\\\\\
=007  cr||||||||||||
=008  040426c19969999enkwr\p\\\\\\\0\\\a0eng\\
=022  0\$a1362-1106$202
=040  \\$aUk$beng$cUk$erda
=222  \0$aCAB access$b(Diskette. Windows version)
=245  00$aCAB access.
=263  \\$a199601
=264  \1$aWallingford :$bCAB International
=310  \\$aWeekly
=336  \\$atext$2rdacontent
=337  \\$acomputer$2rdamedia
=985  \\$aISSN UK Centre: record upgraded to push to Portal. Will be suppressed. CAB International = IC responsibility but this record UK in Portal. Add notes to suppression notification. DLW 31/3/23
=CAT  \\$a3072$b40$c20040426$lTMP01$h1600
=CAT  \\$aEXLIBRIS$c20040606$lBLL01$h1132
=CAT  \\$a10973$b40$c20221003$lBLL01$h1421
=CAT  \\$a10973$b40$c20230331$lBLL01$h1159
=FMT  \\$a  SE
=LAS  \\$a10973$b40$c20230331$lBLL01$h1159
=TCO  \\$aCLA$bCLA$c008

