=LDR  06442cas a2201333 a 4500
=001  012907104
=003  Uk
=005  20221231205512.0
=006  m\\\\\o\\d\\\\\\\\
=007  cr\cnu||||||||
=008  021217c20029999ii\\x\pso\\\\\0\\\a0eng\c
=010  \\$a2003243085
=016  7\$a101153623$2DNLM
=016  7\$a2098237-9$2DE-600
=022  \\$a1477-3163
=035  \\$a(OCoLC)51236562$z(OCoLC)315917168
=040  \\$aOUN$cOUN$dNLM$dOCLCQ$dCGU$dCUS$dOCLCQ$dHEBIS$dCUS$dOCLCQ$dUk
=042  \\$aukblsr
=060  10$aW1
=082  04$a616.99407$221
=082  04$a616.99407$223
=222  \0$aJournal of carcinogenesis
=245  00$aJournal of carcinogenesis$h[electronic resource].
=246  1\$iTitle on title bar:$aJC
=260  \\$aLondon :$bBioMed Central,$c[2002]-
=260  3\$aMumbai :$bpublished for Carcinogenesis Press by Medknow Publcations
=310  \\$aIrregular
=336  \\$atext$2rdacontent
=337  \\$acomputer$2rdamedia
=338  \\$aonline resource$2rdacarrier
=362  0\$aVol. 1, no. 1 (2002)-
=500  \\$aTitle from home page (viewed Feb. 13, 2003).
=500  \\$aLatest issue consulted: 2012, 11:21 (www.carcinogenesis.com, viewed Jan. 7, 2012).
=515  \\$aIndividual articles are numbered with volume and article number, e.g., 1:1.
=538  \\$aMode of access: World Wide Web.
=540  \\$aCurrent Copyright Fee: GBP25.00$c0$5Uk
=650  \0$aCarcinogenesis$vPeriodicals.
=650  \0$aCancer$xMolecular aspects$vPeriodicals.
=650  \0$aMutagenesis$vPeriodicals.
=650  12$aCell Transformation, Neoplastic$vPeriodicals.
=650  22$aCarcinogens$vPeriodicals.
=710  2\$aCarcogenesis Foundation.
=776  0\$tJournal of carcinogenesis$c(Print)$x0974-6773
=856  \\$31850-9999$uhttp://www.medknow.com/$xBLDSS
=856  40$uhttp://archive.biomedcentral.com/1477-3163
=856  40$uhttp://bibpurl.oclc.org/web/7298
=856  40$uhttp://bibpurl.oclc.org/web/8421
=856  40$uhttp://pubmedcentral.nih.gov/tocrender.fcgi?journal=138
=856  40$uhttp://www.carcinogenesis.com/home
=945  \\$aJournal of carcinogenesis.
=979  \\$aBritish Library$bDSC$j4954.861550N
=985  \\$aISSN note: Responsibility for the ISSN transferred from the ISSN UK Centre to the Indian ISSN Center, 11/01/13.
=ACF  \\$aBritish Library not licensed to copy$c0$e01-jul-2009$hC$iCLA Excluded$5Uk
=ACF  \\$aBritish Library not licensed to copy$c0$e01-apr-2009$hC$iCLA Excluded$5Uk
=ACF  \\$aBritish Library not licensed to copy$c0$e01-jan-2009$hC$iCLA Excluded$5Uk
=ACF  \\$aBritish Library not licensed to copy$c0$e01-oct-2008$hC$iCLA Excluded$5Uk
=ACF  \\$aBritish Library not licensed to copy$c0$e01-jul-2008$hC$iCLA Excluded$5Uk
=ACF  \\$aBritish Library not licensed to copy$c0$e01-apr-2008$hC$iCLA Excluded$5Uk
=ACF  \\$aBritish Library not licensed to copy$c0$e01-jan-2008$hC$iCLA Excluded$5Uk
=ACF  \\$aBritish Library not licensed to copy$c0$e01-oct-2007$hC$iCLA Excluded$5Uk
=ACF  \\$aBritish Library not licensed to copy$c0$e01-jul-2007$hC$iCLA Excluded$5Uk
=ACF  \\$aPrevious Copyright Fee: GBP3.78$c0$e01-oct-2005$fGBP3.78$g0$hC$5Uk
=ACF  \\$aPrevious Copyright Fee: GBP3.78$c0$e01-jul-2005$fGBP3.78$g0$hC$5Uk
=ACF  \\$aPrevious Copyright Fee: GBP3.78$c0$e01-apr-2005$fGBP3.78$g0$hC$5Uk
=ACF  \\$aPrevious copyright fee: GBP10.50$c0$e01-jan-2011$fGBP10.50$g0$hA$5Uk
=ACF  \\$aPrevious Copyright Fee: GBP12.30$c0$e01-jan-2014$fGBP12.30$g0$hA$5Uk
=ACF  \\$aPrevious copyright fee: GBP12.00$c0$e01-jan-2012$fGBP12.00$g0$hA$5Uk
=ACF  \\$aPrevious copyright fee: GBP12.90$c111\0$e08-may-2015$fGBP12.90$g0$hP$5Uk
=ACF  \\$aPrevious copyright fee: GBP13.33$c111\0$e01-jul-2015$fGBP13.33$g0$hP$5Uk
=ACF  \\$aPrevious copyright fee: GBP12.90$c111\0$e01-oct-2015$fGBP12.90$g0$hP$5Uk
=ACF  \\$aPrevious copyright fee: GBP13.79$c111\0$e01-apr-2016$fGBP13.79$g0$hP$5Uk
=ACF  \\$aPrevious copyright fee: GBP14.81$c111\0$e01-oct-2016$fGBP14.81$g0$hP$5Uk
=ACF  \\$aPrevious copyright fee: GBP16.00$c111\0$e01-apr-2017$fGBP16.00$g0$hP$5Uk
=ACF  \\$aPrevious copyright fee: GBP15.38$c111\0$e01-oct-2017$fGBP15.38$g0$hP$5Uk
=ACF  \\$aPrevious copyright fee: GBP14.29$c111\0$e01-apr-2018$fGBP14.29$g0$hP$5Uk
=ACF  \\$aPrevious copyright fee: GBP15.38$c111\0$e01-oct-2018$fGBP15.38$g0$hP$5Uk
=ACF  \\$aPrevious copyright fee: GBP16.00$c111\0$e01-oct-2019$fGBP16.00$g0$hP$5Uk
=ACF  \\$aPrevious copyright fee: GBP15.38$c111\0$e01-apr-2020$fGBP15.38$g0$hP$5Uk
=ACF  \\$aPrevious copyright fee: GBP16.00$c111\0$e01-jul-2020$fGBP16.00$g0$hP$5Uk
=ACF  \\$aPrevious copyright fee: GBP14.29$c111\0$e07-jul-2021$fGBP14.29$g0$hP$5Uk
=ACF  \\$aPrevious copyright fee: GBP14.81$c111\0$e01-apr-2021$fGBP14.81$g0$hP$5Uk
=CAT  \\$a9604$b40$c20040428$lTMP01$h1220
=CAT  \\$aBATCH-UPD$b00$c20160824$lBLL01$h1704
=CAT  \\$aIPL-CLA$c20160930$lBLL01$h1600
=CAT  \\$aBATCH-UPD$b00$c20170216$lBLL01$h1749
=CAT  \\$aIPL-CLA$c20170331$lBLL01$h1842
=CAT  \\$a5552$b40$c20170424$lBLL01$h1440
=CAT  \\$aBATCH-UPD$b40$c20170904$lBLL01$h1749
=CAT  \\$aIPL-CLA$c20170929$lBLL01$h1726
=CAT  \\$aBATCH-UPD$b00$c20180223$lBLL01$h1556
=CAT  \\$aIPL-CLA$c20180331$lBLL01$h1617
=CAT  \\$aBATCH-UPD$b00$c20180823$lBLL01$h1910
=CAT  \\$aIPL-CLA$c20180930$lBLL01$h1501
=CAT  \\$a5410$b40$c20190828$lBLL01$h0914
=CAT  \\$aBATCH-UPD$b40$c20190829$lBLL01$h1449
=CAT  \\$aIPL-CLA$c20190930$lBLL01$h1636
=CAT  \\$aBATCH-UPD$b00$c20200219$lBLL01$h1438
=CAT  \\$aIPL-CLA$c20200331$lBLL01$h1612
=CAT  \\$aBATCH-UPD$b00$c20200522$lBLL01$h1428
=CAT  \\$aIPL-CLA$c20200701$lBLL01$h0054
=CAT  \\$aBATCH-UPD$b00$c20210226$lBLL01$h1011
=CAT  \\$aIPL-CLA$c20210331$lBLL01$h1700
=CAT  \\$aBATCH-UPD$b00$c20210707$lBLL01$h1534
=CAT  \\$aIPL-CLA$c20210707$lBLL01$h1843
=CAT  \\$a5552$b40$c20211025$lBLL01$h1038
=CAT  \\$aBATCH-CLA$b00$c20221221$lBLL01$h1839
=CAT  \\$aIPL-CLA$c20221231$lBLL01$h2055
=CFI  0\$aCurrent Copyright Fee: GBP25.00$c0$e01-jan-2023$fGBP25.00$g0$hA$5Uk
=CFI  2\$aPrevious copyright fee: GBP22.50$c0$e25-oct-2021$fGBP22.50$g0$hA$5Uk
=FIN  \\$aY
=FMT  \\$a  SE
=LAS  \\$aIPL-CLA$b00$c20221231$lBLL01$h2055
=SID  \\$aZ39$bOCLC
=TCO  \\$aCLA$bCLA$c008

