=LDR  02902aas a2200745 a 4500
=001  012908120
=003  Uk
=005  20130110153033.0
=006  m\\\\\o\\d\\\\\\\\
=007  cr\cn|||||||||
=008  040913c20049999ie\\x\pso\\\\\0\\\\0eng\c
=010  \\$a2004243711
=016  7\$a101230714$2DNLM
=016  7\$a2162834-8$2DE-600
=022  0\$a1743-1050
=035  \\$a(OCoLC)56496891
=040  \\$aSNM$cSNM$dNLM$dOCLCQ$dCUS$dPIT$dOCL$dCUS$dOCLCQ$dHEBIS$dNLM$dOCLCQ$dUk
=042  \\$aukblsr
=050  \4$aRG1$b.J68
=060  10$aW1
=082  04$a616.69206$223
=210  0\$aJ. exp. clin. assist. reprod.
=222  \0$aJournal of experimental & clinical assisted reproduction
=245  00$aJournal of experimental & clinical assisted reproduction$h[electronic resource].
=246  3\$aJournal of experimental and clinical assisted reproduction
=246  1\$iCalled also:$aJECAR
=260  \\$32004-2008:$a[London] :$bBioMed Central,$c2004-
=260  3\$32009- :$aDublin :$bSims Institute Press Ltd.
=336  \\$atext$2rdacontent
=337  \\$acomputer$2rdamedia
=338  \\$aonline resource$2rdacarrier
=362  0\$a1:1 (2 Sept. 2004)-
=500  \\$aTitle from issue caption (BioMed, viewed Sept. 27, 2004).
=515  \\$aArticles added consecutively to current annual volume.
=538  \\$aMode of access: World Wide Web.
=588  \\$aLatest issue consulted: Vol. 8 (2011): (Sims Institute Press, viewed Jan. 7, 2012).
=650  \0$aReproductive health$vPeriodicals.
=650  \0$aHuman reproductive technology$vPeriodicals.
=650  \0$aReproductive technology$vPeriodicals.
=650  \0$aHuman reproduction$xEndocrine aspects$vPeriodicals.
=650  \0$aReproduction$xEndocrine aspects$vPeriodicals.
=650  \0$aEndocrinology$vPeriodicals.
=650  \0$aInfertility$vPeriodicals.
=650  \0$aBiotechnology$vPeriodicals.
=650  \0$aBioethics$vPeriodicals.
=856  40$uhttp://www.jexpclinassistreprod.com/
=856  40$uhttp://archive.biomedcentral.com/1743-1050
=856  40$uhttp://www.pubmedcentral.gov/tocrender.fcgi?journal=274
=856  40$uhttp://bibpurl.oclc.org/web/8781
=985  \\$aISSN note: responsibility for ISSN transferred to the Irish ISSN Centre from the ISSN UK Centre, Jan. 10, 2013.
=CAT  \\$a9604$b40$c20040430$lTMP01$h0916
=CAT  \\$aEXLIBRIS$c20040606$lBLL01$h1133
=CAT  \\$aBATCH-CLA$b00$c20061130$lBLL01$h1723
=CAT  \\$aBATCH-UPD$b00$c20061229$lBLL01$h2107
=CAT  \\$aBATCH$b00$c20061229$lBLL01$h2154
=CAT  \\$a6537$b40$c20070106$lBLL01$h0941
=CAT  \\$a3072$b40$c20130107$lBLL01$h1427
=CAT  \\$a3072$b40$c20130107$lBLL01$h1436
=CAT  \\$a3072$b40$c20130107$lBLL01$h1449
=CAT  \\$a11315$b40$c20130110$lBLL01$h1530
=FIN  \\$aY$d20070106
=FMT  \\$a  SE
=LAS  \\$a11315$b40$c20130110$lBLL01$h1530
=SID  \\$aZ39$bOCLC
=TCO  \\$aCLA$bCLA$c008

