=LDR  01294 as a22003498a 4500
=001  012911123
=003  Uk
=005  20070312142826.0
=007  ta
=008  040506d19831997enkfr\p\\\\\\\0\\\a0eng\\
=022  \\$a0265-1254$202
=040  \\$aUk$beng$cUk
=222  \0$aEuropean Transplant Coordinators Organization newsletter$b(English language ed.)
=245  00$aEuropean Transplant Coordinators Organization newsletter.
=246  3\$aETCO newsletter
=260  \\$aChesterton, Cambridge :$bPeter Irving
=263  \\$a198307
=336  \\$atext$2rdacontent
=337  \\$aunmediated$2rdamedia
=338  \\$avolume$2rdacarrier
=710  2\$aEuropean Transplant Coordinators Organization.
=785  00$tOrgans and tissues
=985  \\$aISSN UK Centre - Evidence of publication exists. Unable to obtain a copy and unable to complete ISSN record 12/3/07. Requesting change of responsibility from International ISSN Centre.
=CAT  \\$a8201$b40$c20040506$lTMP01$h1110
=CAT  \\$aEXLIBRIS$c20040606$lBLL01$h1133
=CAT  \\$a11316$b40$c20050919$lBLL01$h0923
=CAT  \\$a11316$b40$c20070309$lBLL01$h1217
=CAT  \\$a11316$b40$c20070312$lBLL01$h1425
=CAT  \\$a11316$b40$c20070312$lBLL01$h1428
=FMT  \\$a  SE
=LAS  \\$a11316$b40$c20070312$lBLL01$h1428
=TCO  \\$aCLA$bCLA$c008

