=LDR  01433 as a22003857i 4500
=001  012918217
=003  Uk
=005  20211015095351.0
=007  ta
=008  040517c19uu9999nyu\x\m\\\\\\\0\\\a0eng\\
=022  0\$a0079-0818
=040  \\$aUk$beng$cUk$erda
=222  \0$aPergamon general psychology series
=245  00$aPergamon general psychology series.
=264  \1$aNew York :$bPergamon Press Inc.
=310  \\$aIrregular
=336  \\$atext$2rdacontent
=337  \\$aunmediated$2rdamedia
=338  \\$avolume$2rdacarrier
=588  \\$aISSN description based on: [volume] 95 monograph entitled 'Psychopathology of childhood' [1985].
=776  08$iAlso issued online as:$tPergamon general psychology series$x2772-980X
=985  \\$aISSN UK Centre: UK legacy upgraded 12/10/21 and record pushed to Portal by IC. Responsibility transferred to ISSN Netherlands (Elsevier imprint).
=985  \\$aISSN record only. Do not merge. Do not add items.
=985  \\$aMonograph in series.
=CAT  \\$a6537$b40$c20040517$lTMP01$h1524
=CAT  \\$aEXLIBRIS$c20040606$lBLL01$h1134
=CAT  \\$a6537$b40$c20140318$lBLL01$h1350
=CAT  \\$a10973$b40$c20211007$lBLL01$h0925
=CAT  \\$a10973$b40$c20211012$lBLL01$h1301
=CAT  \\$a10973$b40$c20211012$lBLL01$h1304
=CAT  \\$a10973$b40$c20211015$lBLL01$h0953
=FIN  \\$aY$d20211012
=FMT  \\$a  SE
=LAS  \\$a10973$b40$c20211015$lBLL01$h0953
=TCO  \\$aCLA$bCLA$c008

