=LDR  03001cas a22007217a 4500
=001  012925660
=003  Uk
=005  20221231205555.0
=007  ta
=008  040526c19939999ne\\x\m\\\\\\\0\\\a0eng\\
=022  0\$a1350-7281
=040  \\$aUk$beng$cUk
=210  0\$aSurg. oncol. Suppl.
=222  \0$aSurgical oncology. Supplement
=245  00$aSurgical oncology.$pSupplement.
=260  \\$aOxford :$bBlackwell Scientific
=260  3\$aAmsterdam :$bElsevier
=310  \\$aIrregular
=336  \\$atext$2rdacontent
=337  \\$aunmediated$2rdamedia
=338  \\$avolume$2rdacarrier
=540  \\$aCurrent Copyright Fee: GBP25.00$c0$5Uk
=772  0\$tSurgical oncology$x0960-7404
=985  \\$aResponsibility for ISSN transferred from ISSN UK to ISSN Netherlands, 16.03.07
=ACF  \\$aPrevious Copyright Fee: GBP19.00$c0$e01-oct-2008$fGBP19.00$g0$hC$5Uk
=ACF  \\$aPrevious copyright fee: GBP10.50$c0$e01-jan-2011$fGBP10.50$g0$hA$5Uk
=ACF  \\$aPrevious copyright fee: GBP12.00$c0$e01-jan-2012$fGBP12.00$g0$hA$5Uk
=ACF  \\$aPrevious Copyright Fee: GBP12.30$c0$e01-jan-2014$fGBP12.30$g0$hA$5Uk
=ACF  \\$aPrevious Copyright Fee: GBP15.00$c0$e01-jan-2017$fGBP15.00$g0$hA$5Uk
=ACF  \\$aPrevious Copyright Fee: GBP17.50$c0$e01-jan-2018$fGBP17.50$g0$hA$5Uk
=ACF  \\$aPrevious Copyright Fee: GBP20.00$c0$e01-jan-2020$fGBP20.00$g0$hA$5Uk
=CAT  \\$a11313$b40$c20040526$lTMP01$h1418
=CAT  \\$aEXLIBRIS$c20040606$lBLL01$h1134
=CAT  \\$a6537$b40$c20070112$lBLL01$h1026
=CAT  \\$aBATCH-CLA$b00$c20080829$lBLL01$h1833
=CAT  \\$aBATCH-UPD$b00$c20081001$lBLL01$h0010
=CAT  \\$aBATCH$b00$c20081001$lBLL01$h0127
=CAT  \\$aISSN$b40$c20081119$lBLL01$h0947
=CAT  \\$aBATCH-UPD$b40$c20101201$lBLL01$h1249
=CAT  \\$aIPL-CLA$c20101231$lBLL01$h1513
=CAT  \\$aWR11_203$c20111204$lBLL01$h1508
=CAT  \\$aIPL-CLA$c20111230$lBLL01$h2019
=CAT  \\$aBATCH-CLA$b00$c20121109$lBLL01$h1730
=CAT  \\$aBATCH-CLA$c20131220$lBLL01$h2028
=CAT  \\$aIPL-CLA$c20131231$lBLL01$h2337
=CAT  \\$aBATCH-CLA$b00$c20161222$lBLL01$h1803
=CAT  \\$aIPL-CLA$c20161230$lBLL01$h2124
=CAT  \\$aBATCH-CLA$b00$c20171222$lBLL01$h2123
=CAT  \\$aIPL-CLA$c20171231$lBLL01$h1631
=CAT  \\$aBATCH-CLA$b00$c20191219$lBLL01$h1731
=CAT  \\$aIPL-CLA$c20191231$lBLL01$h1927
=CAT  \\$aR2001-1524$c20200127$lBLL01$h2004
=CAT  \\$aBATCH-CLA$b00$c20201204$lBLL01$h1531
=CAT  \\$aIPL-CLA$c20201231$lBLL01$h2151
=CAT  \\$aBATCH-CLA$b00$c20221221$lBLL01$h1839
=CAT  \\$aIPL-CLA$c20221231$lBLL01$h2055
=CFI  0\$aCurrent Copyright Fee: GBP25.00$c0$e01-jan-2023$fGBP25.00$g0$hA$5Uk
=CFI  2\$aPrevious Copyright Fee: GBP22.50$c0$e01-jan-2021$fGBP22.50$g0$hA$5Uk
=FIN  \\$aY$d20070112
=FMT  \\$a  SE
=LAS  \\$aIPL-CLA$b00$c20221231$lBLL01$h2055
=LKR  \\$aPAR$b008413674$lBLL01$r772$mSurgical oncology. Supplement$nSurgical oncology
=TCO  \\$aNLD$bSTICHTING REPRORECHT$c008

