=LDR  00946 as a22003018a 4500
=001  012925945
=003  Uk
=005  20070328105846.0
=008  040527c19949999enkbr\p\\\\\\\0\\\a0eng\\
=022  0\$a1355-459X
=040  \\$aUk$beng$cUk
=222  \0$aVision$b(Qualify)
=245  00$aVision.
=260  \\$aChislehurst :$bGrafinter Editions
=310  \\$aBimonthly
=336  \\$atext$2rdacontent
=337  \\$aunmediated$2rdamedia
=338  \\$avolume$2rdacarrier
=985  \\$aISSN UK: Please do not merge. Responsibility taken for ISSN by the International Centre, 22/03/2007
=CAT  \\$a6537$b40$c20040527$lTMP01$h0758
=CAT  \\$aEXLIBRIS$c20040606$lBLL01$h1134
=CAT  \\$a11439$b40$c20070322$lBLL01$h0859
=CAT  \\$a11439$b40$c20070322$lBLL01$h0902
=CAT  \\$a11439$b40$c20070322$lBLL01$h0903
=CAT  \\$a11439$b40$c20070328$lBLL01$h1058
=FMT  \\$a  SE
=LAS  \\$a11439$b40$c20070328$lBLL01$h1058
=TCO  \\$aCLA$bCLA$c008

