=LDR  04561cas a22009257a 4500
=001  012926294
=003  Uk
=005  20230210010240.0
=008  040527c20039999enk\x\m\\\\\\\0\\\a0eng\\
=022  \\$a1476-1785
=040  \\$aUk$beng$cUk
=210  0\$aWater environ. manag. ser.
=222  \0$aWater and environment management series
=245  00$aWater and environment management series.
=260  \\$aLondon :$bIWA Publishing
=336  \\$atext$2rdacontent
=337  \\$aunmediated$2rdamedia
=338  \\$avolume$2rdacarrier
=540  \\$aCurrent Copyright Fee: GBP13.35$c0$5Uk
=710  2\$aInternational Water Association.
=985  \\$aResponsibility for ISSN taken by IC. 28/09/06.
=ACF  \\$aPrevious Copyright Fee: GBP13.35$c0$e01-apr-2012$fGBP13.35$g0$hC$5Uk
=ACF  \\$aPrevious Copyright Fee: GBP13.35$c0$e01-jan-2012$fGBP13.35$g0$hC$5Uk
=ACF  \\$aPrevious Copyright Fee: GBP13.35$c0$e01-oct-2011$fGBP13.35$g0$hC$5Uk
=ACF  \\$aPrevious Copyright Fee: GBP13.35$c0$e01-jul-2011$fGBP13.35$g0$hC$5Uk
=ACF  \\$aPrevious Copyright Fee: GBP13.35$c0$e01-apr-2011$fGBP13.35$g0$hC$5Uk
=ACF  \\$aPrevious Copyright Fee: GBP13.35$c0$e01-jan-2011$fGBP13.35$g0$hC$5Uk
=ACF  \\$aPrevious Copyright Fee: GBP13.35$c0$e01-oct-2010$fGBP13.35$g0$hC$5Uk
=ACF  \\$aPrevious Copyright Fee: GBP13.35$c0$e01-jul-2010$fGBP13.35$g0$hC$5Uk
=ACF  \\$aPrevious Copyright Fee: GBP13.35$c0$e01-apr-2010$fGBP13.35$g0$hC$5Uk
=ACF  \\$aPrevious Copyright Fee: GBP13.35$c0$e01-Jan-2010$fGBP13.35$g0$hC$5Uk
=ACF  \\$aPrevious Copyright Fee: GBP13.35$c0$e01-oct-2009$fGBP13.35$g0$hC$5Uk
=ACF  \\$aPrevious Copyright Fee: GBP13.35$c0$e01-jul-2009$fGBP13.35$g0$hC$5Uk
=ACF  \\$aPrevious Copyright Fee: GBP13.35$c0$e01-apr-2009$fGBP13.35$g0$hC$5Uk
=ACF  \\$aPrevious Copyright Fee: GBP13.35$c0$e01-jan-2009$fGBP13.35$g0$hC$5Uk
=ACF  \\$aPrevious Copyright Fee: GBP13.35$c0$e01-oct-2008$fGBP13.35$g0$hC$5Uk
=ACF  \\$aPrevious Copyright Fee: GBP13.35$c0$e01-jul-2008$fGBP13.35$g0$hC$5Uk
=ACF  \\$aPrevious Copyright Fee: GBP13.35$c0$e01-apr-2008$fGBP13.35$g0$hC$5Uk
=ACF  \\$aPrevious Copyright Fee: GBP13.35$c0$e01-jan-2008$fGBP13.35$g0$hC$5Uk
=ACF  \\$aPrevious Copyright Fee: GBP13.35$c0$e01-oct-2007$fGBP13.35$g0$hC$5Uk
=ACF  \\$aPrevious Copyright Fee: GBP13.35$c0$e01-jul-2007$fGBP13.35$g0$hC$5Uk
=ACF  \\$aPrevious Copyright Fee: GBP13.35$c0$e01-apr-2007$fGBP13.35$g0$hC$5Uk
=ACF  \\$aPrevious Copyright Fee: GBP13.35$c0$e01-jan-2007$fGBP13.35$g0$hC$5Uk
=ACF  \\$aPrevious Copyright Fee: GBP13.35$c0$e01-oct-2006$fGBP13.35$g0$hC$5Uk
=ACF  \\$aPrevious Copyright Fee: GBP13.35$c0$e01-jul-2006$fGBP13.35$g0$hC$5Uk
=ACF  \\$aPrevious Copyright Fee: GBP13.35$c0$e01-jul-2012$fGBP13.35$g0$hC$5Uk
=ACF  \\$aPrevious Copyright Fee: GBP13.35$c0$e01-oct-2012$fGBP13.35$g0$hC$5Uk
=CAT  \\$a6537$b40$c20040527$lTMP01$h1059
=CAT  \\$aBATCH-CLA$b00$c20100602$lBLL01$h1423
=CAT  \\$aBATCH-UPD$b00$c20100630$lBLL01$h1934
=CAT  \\$aBATCH-UPD$b00$c20100630$lBLL01$h2002
=CAT  \\$aIPL-CLA$c20100630$lBLL01$h2029
=CAT  \\$aBATCH-CLA$b00$c20100831$lBLL01$h1541
=CAT  \\$aIPL-CLA$c20100930$lBLL01$h1526
=CAT  \\$aBATCH-CLA$b00$c20101115$lBLL01$h1615
=CAT  \\$aIPL-CLA$c20101231$lBLL01$h1513
=CAT  \\$aBATCH-CLA$b00$c20110228$lBLL01$h1550
=CAT  \\$aIPL-CLA$c20110331$lBLL01$h1504
=CAT  \\$aBATCH-CLA$b00$c20110531$lBLL01$h1646
=CAT  \\$aIPL-CLA$c20110630$lBLL01$h1544
=CAT  \\$aBATCH-CLA$b00$c20110831$lBLL01$h1809
=CAT  \\$aIPL-CLA$c20110930$lBLL01$h1548
=CAT  \\$aBATCH-CLA$b00$c20111130$lBLL01$h1220
=CAT  \\$aIPL-CLA$c20111230$lBLL01$h2019
=CAT  \\$aBATCH-CLA$b00$c20120229$lBLL01$h1637
=CAT  \\$aIPL-CLA$c20120330$lBLL01$h1435
=CAT  \\$aBATCH-CLA$b00$c20120531$lBLL01$h1719
=CAT  \\$aIPL-CLA$c20120629$lBLL01$h1033
=CAT  \\$aBATCH-CLA$b00$c20120831$lBLL01$h1548
=CAT  \\$aIPL-CLA$c20120930$lBLL01$h2119
=CAT  \\$aBATCH-CLA$b00$c20121109$lBLL01$h1730
=CAT  \\$aBATCH-CLA$b00$c20221130$lBLL01$h1455
=CAT  \\$aIPL-CLA$c20221231$lBLL01$h2055
=CAT  \\$aBATCH-CLA$b00$c20230209$lBLL01$h1542
=CAT  \\$aIPL-CLA$c20230210$lBLL01$h0102
=CFI  0\$aCurrent Copyright Fee: GBP13.35$c0$e09-feb-2023$fGBP13.35$g0$hC$5Uk
=CFI  2\$aBritish Library not licensed to copy$c0$e01-jan-2023$hC$iCFP Excluded$5Uk
=FMT  \\$a  SE
=LAS  \\$aIPL-CLA$b00$c20230210$lBLL01$h0102
=TCO  \\$aCLA$bCLA$c008

