=LDR  01336 as a22003977a 4500
=001  012926319
=003  Uk
=005  20071126101916.0
=006  m\\\\\\\\d\|\\\\\\
=007  cr||||||||||||
=008  040527c20029999enkmr\p\s\\\\\0\\\a0eng\\
=022  0\$a1476-1777
=040  \\$aUk$beng$cUk
=210  0\$aWater intell. online
=222  \0$aWater intelligence online
=245  00$aWater intelligence online$h[electronic resource]
=260  \\$aLondon :$bIWA Pub.
=336  \\$atext$2rdacontent
=337  \\$acomputer$2rdamedia
=338  \\$aonline resource$2rdacarrier
=516  \\$aPDF format
=538  \\$aMode of access: Internet
=856  40$uhttp://www.iwaponline.com/wio/default.htm
=945  \\$aWater intelligence online
=979  \\$aBritish Library$cDSC$j9270.370000N
=985  \\$aResponsibility for ISSN transferred to the International Centre from ISSN UK, 26/11/07
=CAT  \\$a6537$b40$c20040527$lTMP01$h1109
=CAT  \\$aEXLIBRIS$c20040606$lBLL01$h1134
=CAT  \\$a8291$b40$c20061219$lBLL01$h1316
=CAT  \\$a6537$b40$c20071126$lBLL01$h1019
=CAT  \\$aWR12_168$c20121206$lBLL01$h1815
=CAT  \\$aW1711-1225$c20171203$lBLL01$h1020
=FMT  \\$a  SE
=LAS  \\$aW1711-1225$b00$c20171203$lBLL01$h1020
=STA  \\$aSUPPRESSED$bunable to determine reason for suppression
=TCO  \\$aCLA$bCLA$c008

