=LDR  01001cas a22003137a 4500
=001  013176867
=003  Uk
=005  20230911105639.0
=007  ta
=008  050414c20059999enkar\m\\\\\\\0\\\a0eng\\
=022  \\$a1747-1036
=040  \\$aUk$beng$cUk
=222  \0$aGlobalisation, technology and sustainable development series
=245  00$aGlobalisation, technology and sustainable development series.
=260  \\$aBrighton :$bWASD,$c2005-
=310  \\$aAnnual
=336  \\$atext$2rdacontent
=337  \\$aunmediated$2rdamedia
=338  \\$avolume$2rdacarrier
=710  2\$aWorld Association for Sustainable Development.
=985  \\$aISSN responsibility transfer to IC pending (Richard, 11/09/23)
=CAT  \\$a9570$b40$c20050414$lBLL01$h1431
=CAT  \\$a6537$b40$c20060111$lBLL01$h1457
=CAT  \\$a5100$b40$c20060301$lBLL01$h0939
=CAT  \\$a10806$b40$c20230911$lBLL01$h1056
=FIN  \\$aY$d20060111
=FMT  \\$a  SE
=LAS  \\$a10806$b40$c20230911$lBLL01$h1056
=TCO  \\$aCLA$bCLA$c008

