=LDR  01193 as a22003617a 4500
=001  013212433
=003  Uk
=005  20071126101044.0
=006  m\\\\\\\\d\|\\\\\\
=007  cr||||||||||||
=008  050602c20069999enkbr\p\s\\\\\0\\\a0eng\\
=022  0\$a1747-776X
=040  \\$aUk$beng$cUk
=082  04$a363.61068$222
=222  \0$aWater utility management international$b(Online)
=245  00$aWater utility management international$h[electronic resource].
=246  30$aWater utility management
=260  \\$aLondon :$bIWA Pub.
=310  \\$aQuarterly
=336  \\$atext$2rdacontent
=337  \\$acomputer$2rdamedia
=338  \\$aonline resource$2rdacarrier
=710  2\$aInternational Water Association.
=776  0\$tWater utility management international$x1747-7751
=856  40$uhttp://www.iwaponline.com/wumi/default.htm
=985  \\$aResponsibility for ISSN transferred to the International Centre from ISSN UK, 26/11/07
=CAT  \\$a9570$b40$c20050602$lBLL01$h1407
=CAT  \\$a8323$b40$c20070207$lBLL01$h0916
=CAT  \\$a6537$b40$c20071126$lBLL01$h1010
=FIN  \\$aY$d20070207
=FMT  \\$a  SE
=LAS  \\$a6537$b40$c20071126$lBLL01$h1010
=TCO  \\$aCLA$bCLA$c008

