=LDR  01077 as a22003135a 4500
=001  013215026
=003  Uk
=005  20070814114248.0
=007  ta
=008  050607c20059999gw\br\p\\\\\\\0\\\b0ger\\
=022  0\$a1747-8197
=040  \\$aUk$beng$cUk
=222  \0$aFinest.finance!
=245  00$aFinest.finance!
=246  1\$iIssue 01 published as:$aGo finance!
=260  \\$aMu팯nchen :$bFinest Medien
=310  \\$aBimonthly
=336  \\$atext$2rdacontent
=337  \\$aunmediated$2rdamedia
=338  \\$avolume$2rdacarrier
=500  \\$aIssue 01 published by Litera Publishing, London.
=985  \\$aResponsibility for ISSN transferred to ISSN German Centre from ISSN UK Centre, 11.09.06. Complete record now on Portal, this record kept for UK reference - enc level changed to 5, MBrook 14.08.07.
=CAT  \\$a7152$b40$c20050607$lBLL01$h1643
=CAT  \\$a6537$b40$c20060911$lBLL01$h1131
=CAT  \\$a6537$b40$c20060911$lBLL01$h1141
=CAT  \\$a8128$b40$c20070814$lBLL01$h1142
=FMT  \\$a  SE
=LAS  \\$a8128$b40$c20070814$lBLL01$h1142
=TCO  \\$aDEU$bVG WORT$c008

