=LDR  01104 as a22003497a 4500
=001  013280396
=003  Uk
=005  20100224141317.0
=006  m\\\\\\\\d\|\\\\\\
=007  cr||||||||||||
=008  050824c20059999enksr\p\s\\\\\0\\\a0eng\\
=022  0\$a1748-829X
=040  \\$aUk$beng$cUk
=082  04$a332.632042094
=222  \0$aProperty finance Europe$b(Online)
=245  00$aProperty finance Europe.
=260  \\$aHertford :$bRose Advisory.
=310  \\$aSemimonthly
=336  \\$atext$2rdacontent
=337  \\$acomputer$2rdamedia
=338  \\$aonline resource$2rdacarrier
=776  0\$tProperty finance Europe$c(Print)$x1748-8281
=856  4\$uhttp://www.pfeurope.de/Content/Archive.htm
=985  \\$aResponsibility for ISSN transferred to ISSN Germany from ISSN UK Centre, 24.02.2010.
=CAT  \\$a7152$b40$c20050824$lBLL01$h1420
=CAT  \\$a11439$b40$c20051028$lBLL01$h1600
=CAT  \\$a11439$b40$c20051028$lBLL01$h1615
=CAT  \\$a11313$b40$c20100224$lBLL01$h1413
=FIN  \\$aY$d20050824
=FMT  \\$a  SE
=LAS  \\$a11313$b40$c20100224$lBLL01$h1413
=TCO  \\$aCLA$bCLA$c008

