=LDR  01291 as a22003497a 4500
=001  013452192
=003  Uk
=005  20130115160307.0
=006  m\\\\\\\\d\|\\\\\\
=007  cr||||||||||||
=008  060421c19999999enkzx\p\s\\\\\0\\\a0eng\\
=022  0\$a1751-1895
=040  \\$aUk$beng$cUk
=222  \0$aScandinavian journal of gastroenterology. Supplement$b(Online)
=245  00$aScandinavian journal of gastroenterology.$pSupplement.
=260  \\$aOslo :$bTaylor & Francis
=310  \\$aIrregular
=336  \\$atext$2rdacontent
=337  \\$acomputer$2rdamedia
=338  \\$aonline resource$2rdacarrier
=772  0\$tScandinavian journal of gastroenterology$c(Online)$x1502-7708
=776  0\$tScandinavian journal of gastroenterology. Supplement$x0085-5928
=856  40$uwww.tandf.no/gastro
=985  \\$aResponsibility for ISSN transferred to US ISSN Centre from ISSN UK Centre 15.1.13.
=CAT  \\$a6537$b40$c20060421$lBLL01$h0828
=CAT  \\$a8323$b40$c20110303$lBLL01$h1352
=CAT  \\$a10973$b40$c20130115$lBLL01$h1603
=FIN  \\$aY$d20060421
=FMT  \\$a  SE
=LAS  \\$a10973$b40$c20130115$lBLL01$h1603
=LKR  \\$aPAR$b013362469$lBLL01$nScandinavian journal of gastroenterology$mScandinavian journal of gastroenterology. Supplement$r772
=TCO  \\$aCLA$bCLA$c008

