=LDR  01174 as a22003497a 4500
=001  013580423
=003  Uk
=005  20120326155722.0
=006  m\\\\\\\\d\|\\\\\\
=007  cr||||||||||||
=008  061019c20089999sw\\x\p\s\\\\\0\\\a0eng\\
=022  0\$a1752-8550
=040  \\$aUk$beng$cUk
=222  \0$aEmerging health threats journal
=245  00$aEmerging health threats journal.$h[electronic resource].
=246  30$aEmerging health threats
=260  \\$aLondon :$bEmerging Health Threats Forum
=260  3\$aStockholm :$bCo-Action Publishing
=336  \\$atext$2rdacontent
=337  \\$acomputer$2rdamedia
=338  \\$aonline resource$2rdacarrier
=856  40$uhttp://www.eht-forum.org/JournalStore/Journal
=985  \\$aResponsibility for ISSN transferred to Swedish ISSN Centre from ISSN UK Centre, 26/03/12
=CAT  \\$a11313$b40$c20061019$lBLL01$h1157
=CAT  \\$a11439$b40$c20070511$lBLL01$h1032
=CAT  \\$a6537$b40$c20080306$lBLL01$h0837
=CAT  \\$a6537$b40$c20080307$lBLL01$h0820
=CAT  \\$a10806$b40$c20120326$lBLL01$h1557
=FIN  \\$aY$d20080307
=FMT  \\$a  SE
=LAS  \\$a10806$b40$c20120326$lBLL01$h1557
=TCO  \\$aCLA$bCLA$c008

