=LDR  00813 as a22002898a 4500
=001  013591773
=003  Uk
=005  20080408095306.0
=007  ta
=008  061102c20079999enkqr\p\\\\\\\0\\\a0eng\\
=022  0\$a1753-0466$202
=040  \\$aUk$beng$cUk
=210  0\$aPharma IT j.
=222  \0$aPharma IT journal
=245  00$aPharma IT journal.
=260  \\$aLondon :$bPharma IT Press
=263  \\$a200701
=310  \\$aQuarterly
=336  \\$atext$2rdacontent
=337  \\$aunmediated$2rdamedia
=338  \\$avolume$2rdacarrier
=985  \\$aResponsibility for ISSN to be transferred to Irish Centre. Please do not use this record.
=CAT  \\$a6537$b40$c20061102$lBLL01$h0751
=CAT  \\$a6537$b40$c20080408$lBLL01$h0953
=FMT  \\$a  SE
=LAS  \\$a6537$b40$c20080408$lBLL01$h0953
=TCO  \\$aCLA$bCLA$c008

