=LDR  05108cas a22010337a 4500
=001  013729325
=003  Uk
=005  20230210010548.0
=007  ta
=008  070424d19992003enkqr\p\\\\\\\0\\\a0eng\\
=022  0\$a1462-0758
=040  \\$aUk$beng$cUk
=082  04$a551.488$222
=210  1\$aUrban water
=222  \0$aUrban water
=245  00$aUrban water.
=260  \\$a[Oxford, England] :$bElsevier Science$c1999-2003.
=310  \\$aQuarterly
=336  \\$atext$2rdacontent
=337  \\$aunmediated$2rdamedia
=338  \\$avolume$2rdacarrier
=540  \\$aCurrent Copyright Fee: GBP45.00$c0$5Uk
=785  00$tUrban water journal$x1573-062X
=985  \\$aISSN RECORD ONLY. Please do not merge or add items. Minor title change assigned ISSN before rule change.
=985  \\$aISSN responsibility taken by ISSN Netherlands (Elsevier is multinational publisher under Netherlands resp.) 20.06.2013
=ACF  \\$aPrevious Copyright Fee: GBP25.00$c0$e01-jul-2012$fGBP25.00$g0$hC$5Uk
=ACF  \\$aPrevious Copyright Fee: GBP13.00$c0$e01-apr-2012$fGBP13.00$g0$hC$5Uk
=ACF  \\$aPrevious Copyright Fee: GBP13.00$c0$e01-jan-2012$fGBP13.00$g0$hC$5Uk
=ACF  \\$aPrevious Copyright Fee: GBP13.00$c0$e01-oct-2011$fGBP13.00$g0$hC$5Uk
=ACF  \\$aPrevious Copyright Fee: GBP13.00$c0$e01-jul-2011$fGBP13.00$g0$hC$5Uk
=ACF  \\$aPrevious Copyright Fee: GBP13.00$c0$e01-apr-2011$fGBP13.00$g0$hC$5Uk
=ACF  \\$aPrevious Copyright Fee: GBP13.00$c0$e01-jan-2011$fGBP13.00$g0$hC$5Uk
=ACF  \\$aPrevious Copyright Fee: GBP13.00$c0$e01-oct-2010$fGBP13.00$g0$hC$5Uk
=ACF  \\$aPrevious Copyright Fee: GBP13.00$c0$e01-jul-2010$fGBP13.00$g0$hC$5Uk
=ACF  \\$aPrevious Copyright Fee: GBP13.00$c0$e01-apr-2010$fGBP13.00$g0$hC$5Uk
=ACF  \\$aPrevious Copyright Fee: GBP13.00$c0$e01-Jan-2010$fGBP13.00$g0$hC$5Uk
=ACF  \\$aPrevious Copyright Fee: GBP13.00$c0$e01-oct-2009$fGBP13.00$g0$hC$5Uk
=ACF  \\$aPrevious Copyright Fee: GBP13.00$c0$e01-jul-2009$fGBP13.00$g0$hC$5Uk
=ACF  \\$aPrevious Copyright Fee: GBP13.00$c0$e01-apr-2009$fGBP13.00$g0$hC$5Uk
=ACF  \\$aPrevious Copyright Fee: GBP15.00$c0$e01-oct-2008$fGBP15.00$g0$hC$5Uk
=ACF  \\$aPrevious Copyright Fee: GBP19.00$c0$e01-jul-2008$fGBP19.00$g0$hC$5Uk
=ACF  \\$aPrevious Copyright Fee: GBP19.00$c0$e01-apr-2008$fGBP19.00$g0$hC$5Uk
=ACF  \\$aPrevious Copyright Fee: GBP19.00$c0$e01-jan-2008$fGBP19.00$g0$hC$5Uk
=ACF  \\$aPrevious Copyright Fee: GBP18.00$c0$e01-oct-2007$fGBP18.00$g0$hC$5Uk
=ACF  \\$aPrevious Copyright Fee: GBP18.00$c0$e01-jul-2007$fGBP18.00$g0$hC$5Uk
=ACF  \\$aPrevious Copyright Fee: GBP25.00$c0$e01-oct-2012$fGBP25.00$g0$hC$5Uk
=ACF  \\$aPrevious copyright fee: GBP27.00$c2\0$e09-nov-2012$fGBP27.00$g0$hP$5Uk
=ACF  \\$aPrevious copyright fee: GBP27.50$c2\0$e01-jan-2013$fGBP27.50$g0$hP$5Uk
=ACF  \\$aPrevious copyright fee: GBP28.00$c2\0$e01-jan-2014$fGBP28.00$g0$hP$5Uk
=ACF  \\$aPrevious copyright fee: GBP30.00$c2\0$e01-jan-2015$fGBP30.00$g0$hP$5Uk
=ACF  \\$aPrevious copyright fee: GBP34.00$c2\0$e01-jan-2016$fGBP34.00$g0$hP$5Uk
=ACF  \\$aPrevious copyright fee: GBP31.00$c2\0$e01-apr-2016$fGBP31.00$g0$hP$5Uk
=ACF  \\$aPrevious Copyright Fee: GBP25.00$c0$e01-apr-2018$fGBP25.00$g0$hC$5Uk
=ACF  \\$aPrevious Copyright Fee: GBP45.00$c0$e01-apr-2021$fGBP45.00$g0$hC$5Uk
=CAT  \\$a11316$b40$c20070424$lBLL01$h0832
=CAT  \\$aIPL-CLA$c20140101$lBLL01$h0018
=CAT  \\$aBATCH-CLA$b00$c20140125$lBLL01$h1319
=CAT  \\$aBATCH-CLA$c20140225$lBLL01$h2329
=CAT  \\$a5552$b40$c20140619$lBLL01$h1150
=CAT  \\$aBATCH-UPD$b40$c20141124$lBLL01$h1754
=CAT  \\$aBLDSS-3PM$b00$c20141130$lBLL01$h1249
=CAT  \\$aIPL-CLA$c20141231$lBLL01$h1655
=CAT  \\$aBATCH-UPD$b00$c20151119$lBLL01$h1535
=CAT  \\$aIPL-CLA$c20151231$lBLL01$h1925
=CAT  \\$a5552$b40$c20160303$lBLL01$h0923
=CAT  \\$aIPL-CLA$c20160331$lBLL01$h1739
=CAT  \\$aBATCH-UPD$b00$c20160413$lBLL01$h1821
=CAT  \\$aBATCH-UPD$b00$c20161122$lBLL01$h1505
=CAT  \\$aBATCH-UPD$b00$c20161122$lBLL01$h1539
=CAT  \\$aIPL-CLA$c20161230$lBLL01$h2214
=CAT  \\$aBATCH-UPD$b00$c20171121$lBLL01$h1655
=CAT  \\$aIPL-CLA$c20171231$lBLL01$h1705
=CAT  \\$a10969$b40$c20180215$lBLL01$h1252
=CAT  \\$a10969$b40$c20180215$lBLL01$h1256
=CAT  \\$aBATCH-CLA$b00$c20180228$lBLL01$h1647
=CAT  \\$aIPL-CLA$c20180331$lBLL01$h1628
=CAT  \\$aBATCH-CLA$b00$c20210227$lBLL01$h1016
=CAT  \\$aIPL-CLA$c20210331$lBLL01$h1847
=CAT  \\$aBATCH-CLA$b00$c20221130$lBLL01$h1500
=CAT  \\$aIPL-CLA$c20221231$lBLL01$h2135
=CAT  \\$aBATCH-CLA$b00$c20230209$lBLL01$h1546
=CAT  \\$aIPL-CLA$c20230210$lBLL01$h0105
=CFI  0\$aCurrent Copyright Fee: GBP45.00$c0$e09-feb-2023$fGBP45.00$g0$hC$5Uk
=CFI  2\$aBritish Library not licensed to copy$c0$e01-jan-2023$hC$iCFP Excluded$5Uk
=FIN  \\$aY$d20070424
=FMT  \\$a  SE
=LAS  \\$aIPL-CLA$b00$c20230210$lBLL01$h0105
=TCO  \\$aCLA$bCLA$c008
=TCO  \\$aNLD$bSTICHTING REPRORECHT$c008

