=LDR  00862 as a22002777a 4500
=001  013733804
=003  Uk
=005  20181012170814.0
=007  ta
=008  070428c20069999enkuu\m\\\\\\\0\\\a0eng\\
=022  0\$a1754-5900
=040  \\$aUk$beng$cUk
=222  \0$aGods and heroes of the ancient world
=245  00$aGods and heroes of the ancient world.
=260  \\$aLondon :$bRoutledge
=336  \\$atext$2rdacontent
=337  \\$aunmediated$2rdamedia
=338  \\$avolume$2rdacarrier
=776  08$iAlso issued online as:$tGods and heroes of the ancient world$x2639-6408
=985  \\$aISSN UK Centre note: responsibility transferred to US Center 12.10.18.
=CAT  \\$a8124$b40$c20070428$lBLL01$h0929
=CAT  \\$a10973$b40$c20181012$lBLL01$h1708
=FIN  \\$aY$d20070428
=FMT  \\$a  SE
=LAS  \\$a10973$b40$c20181012$lBLL01$h1708
=TCO  \\$aCLA$bCLA$c008

