=LDR  00916 as a22003138a 4500
=001  013803729
=003  Uk
=005  20080116092903.0
=007  ta
=008  070730c20079999vb\br\p\\\\\\\0\\\e0chi\\
=022  0\$a1755-4306
=040  \\$aUk$beng$cUk
=222  \0$aGradChina
=245  00$aGradChina.
=246  3\$aEast lady
=246  13$aGrad China
=260  \\$aTortola, British Virgin Islands :$bGTI Asia Pacific
=263  \\$a200707
=310  \\$aBimonthly
=336  \\$atext$2rdacontent
=337  \\$aunmediated$2rdamedia
=338  \\$avolume$2rdacarrier
=985  \\$aPublished in Hong Kong. Responsibility for ISSN transferred to the International Centre from ISSN UK Centre, 16.01.08
=CAT  \\$a11316$b40$c20070730$lBLL01$h1116
=CAT  \\$a11316$b40$c20070730$lBLL01$h1207
=CAT  \\$a6537$b40$c20080116$lBLL01$h0929
=FMT  \\$a  SE
=LAS  \\$a6537$b40$c20080116$lBLL01$h0929
=TCO  \\$aXXX$c008

