=LDR  02457 as a2200601 a 4500
=001  014463402
=003  Uk
=005  20150903122224.0
=006  m\\\\\\\\d\|\\\\\\
=007  cr||||||||||||
=008  071204d200u201uenk\x\p\o\\\\\0\\\a0eng\\
=015  \\$aGBA799073$2bnb
=022  0\$a1755-9030
=040  \\$aUk$beng$cUk$dUk
=042  \\$aukblsr
=082  04$a508.989072$222
=130  0\$aSCAR report (Online)
=210  0\$aSCAR rep.$b(Online)
=222  \0$aSCAR report$b(Online)
=245  10$aSCAR report$h[electronic resource].
=246  1\$iAlso known as:$aSCAR reports
=246  3\$aScientific Committee on Antartic Research report
=260  \\$aCambridge :$bScientific Committee on Antarctic Research, Scott Polar Research Institute
=310  \\$aIrregular
=336  \\$atext$2rdacontent
=337  \\$acomputer$2rdamedia
=338  \\$aonline resource$2rdacarrier
=500  \\$aDescription based on: No. 9 (Jan. 2001); title from HTML caption (viewed on 4th Dec. 2007).
=500  \\$aLatest issue consulted: No. 29 (Aug. 2007).
=516  \\$aIn HTML or PDF format; from no. 24 (2005)? in PDF format only.
=538  \\$aMode of access: World Wide Web.
=550  \\$aAt head of no. 29 (Aug. 2007) issue: International Council for Science.
=580  \\$aTo no. 24 (Aug. 2005)? also issued in print format; beginning with no. 25 (June 2006)? only issued online.
=651  \0$aAntarctica$xResearch$vPeriodicals.
=710  2\$aInternational Council of Scientific Unions.$bScientific Committee on Antarctic Research.
=780  10$tSCAR report$x1350-7389
=856  40$uhttp://www.scar.org/publications/reports/$zFollow links to resource
=985  \\$aResponsibility for ISSN transferred to the IC from ISSN UK Centre, 27.02.08.
=CAT  \\$a3072$b40$c20071204$lBLL01$h1433
=CAT  \\$a7332$b40$c20071206$lBLL01$h0851
=CAT  \\$a6537$b40$c20080211$lBLL01$h1219
=CAT  \\$a6537$b40$c20080215$lBLL01$h0846
=CAT  \\$a6537$b40$c20080227$lBLL01$h1444
=CAT  \\$a8201$b40$c20140120$lBLL01$h0852
=CAT  \\$aWR14_140$c20140905$lBLL01$h1817
=CAT  \\$a7778$b40$c20150903$lBLL01$h1222
=CAT  \\$aW1711-1225$c20171203$lBLL01$h1028
=FIN  \\$aY$d20071204
=FMT  \\$a  SE
=LAS  \\$aW1711-1225$b00$c20171203$lBLL01$h1028
=LKR  \\$aPAR$b008416800$lBLL01$r78010$mSCAR report (Online)$nSCAR report
=STA  \\$aSUPPRESSED$bunable to determine reason for suppression
=TCO  \\$aCLA$bCLA$c008

