=LDR  03055cas a22007338a 4500
=001  014470908
=003  Uk
=005  20221231221017.0
=007  ta
=008  071212c20089999enkmr\p\\\\\\\0\\\a0eng\\
=022  0\$a1756-5596$202
=040  \\$aUk$beng$cUk
=130  0\$aOAG pocket flight guide (Latin America, Caribbean)
=222  \0$aOAG pocket flight guide. Latin America, Caribbean$b(2008)
=245  10$aOAG pocket flight guide.
=246  30$aLatin America, Caribbean
=250  \\$aLatin America, Caribbean [ed.]
=260  \\$aDunstable :$bOAG Worldwide
=263  \\$a200801
=310  \\$aMonthly
=336  \\$atext$2rdacontent
=337  \\$aunmediated$2rdamedia
=338  \\$avolume$2rdacarrier
=540  \\$aCurrent Copyright Fee: GBP25.00$c0$5Uk
=710  2\$aOAG Worldwide.
=780  00$tLatin America, Caribbean executive flight guide$x1541-373X
=985  \\$aSeparate record has been created as concern with ISSN responsibility.
=ACF  \\$aPrevious Copyright Fee: GBP6.15$c0$e01-oct-2008$fGBP6.15$g0$hC$5Uk
=ACF  \\$aPrevious copyright fee: GBP10.50$c0$e01-jan-2011$fGBP10.50$g0$hA$5Uk
=ACF  \\$aPrevious copyright fee: GBP12.00$c0$e01-jan-2012$fGBP12.00$g0$hA$5Uk
=ACF  \\$aPrevious Copyright Fee: GBP12.30$c0$e01-jan-2014$fGBP12.30$g0$hA$5Uk
=ACF  \\$aPrevious Copyright Fee: GBP15.00$c0$e01-jan-2017$fGBP15.00$g0$hA$5Uk
=ACF  \\$aPrevious Copyright Fee: GBP17.50$c0$e01-jan-2018$fGBP17.50$g0$hA$5Uk
=ACF  \\$aPrevious Copyright Fee: GBP20.00$c0$e01-jan-2020$fGBP20.00$g0$hA$5Uk
=CAT  \\$a6537$b40$c20071212$lBLL01$h1125
=CAT  \\$aBATCH-CLA$b00$c20080829$lBLL01$h1808
=CAT  \\$aBATCH-UPD$b00$c20081001$lBLL01$h0013
=CAT  \\$aBATCH$b00$c20081001$lBLL01$h0129
=CAT  \\$a11315$b40$c20081001$lBLL01$h1127
=CAT  \\$a10932$b40$c20090622$lBLL01$h1129
=CAT  \\$aBATCH-UPD$b40$c20101201$lBLL01$h1251
=CAT  \\$aIPL-CLA$c20101231$lBLL01$h1524
=CAT  \\$aWR11_203$c20111204$lBLL01$h1513
=CAT  \\$aIPL-CLA$c20111230$lBLL01$h2029
=CAT  \\$aBATCH-CLA$b00$c20121109$lBLL01$h1723
=CAT  \\$aBATCH-CLA$c20131220$lBLL01$h2056
=CAT  \\$aIPL-CLA$c20140101$lBLL01$h0046
=CAT  \\$aBATCH-CLA$b00$c20161222$lBLL01$h1821
=CAT  \\$aIPL-CLA$c20161230$lBLL01$h2257
=CAT  \\$aBATCH-CLA$b00$c20171222$lBLL01$h2148
=CAT  \\$aIPL-CLA$c20171231$lBLL01$h1729
=CAT  \\$aBATCH-CLA$b00$c20191219$lBLL01$h1745
=CAT  \\$aIPL-CLA$c20191231$lBLL01$h2001
=CAT  \\$aR2001-1524$c20200127$lBLL01$h2036
=CAT  \\$aBATCH-CLA$b00$c20201204$lBLL01$h1553
=CAT  \\$aIPL-CLA$c20201231$lBLL01$h2250
=CAT  \\$aBATCH-CLA$b00$c20221221$lBLL01$h1905
=CAT  \\$aIPL-CLA$c20221231$lBLL01$h2210
=CFI  0\$aCurrent Copyright Fee: GBP25.00$c0$e01-jan-2023$fGBP25.00$g0$hA$5Uk
=CFI  2\$aPrevious Copyright Fee: GBP22.50$c0$e01-jan-2021$fGBP22.50$g0$hA$5Uk
=FMT  \\$a  SE
=LAS  \\$aIPL-CLA$b00$c20221231$lBLL01$h2210
=LET  \0$aOAG pocket flight guide. Latin America, Caribbean
=TCO  \\$aCLA$bCLA$c008

