=LDR  01829cas a22004458a 4500
=001  014473005
=003  Uk
=005  20230210010642.0
=007  ta
=008  071214c20089999enkqr\p\\\\\\\0\\\a0eng\\
=022  0\$a1756-5723
=040  \\$aUk$beng$cUk
=222  \0$aJournal of the urban environment$b(Print)
=245  00$aJournal of the urban environment (Print).
=260  \\$aDumfries :$bSapiens Publishing
=263  \\$a200803
=310  \\$aQuarterly
=336  \\$atext$2rdacontent
=337  \\$aunmediated$2rdamedia
=338  \\$avolume$2rdacarrier
=540  \\$aCurrent Copyright Fee: GBP45.00$c0$5Uk
=776  0\$tJournal of the urban environment$c(Online)$x1756-5731
=985  \\$aResponsibility for ISSN transferred to US ISSN Centre from ISSN UK Centre, 12.02.2009. Publisher now Taylor & Francis (US responsibility). Title amended to 'International journal of urban sustainable development'
=ACF  \\$aPrevious Copyright Fee: GBP25.00$c0$e01-apr-2014$fGBP25.00$g0$hC$5Uk
=ACF  \\$aPrevious Copyright Fee: GBP45.00$c0$e01-apr-2021$fGBP45.00$g0$hC$5Uk
=CAT  \\$a11313$b40$c20071214$lBLL01$h1033
=CAT  \\$a11313$b40$c20090212$lBLL01$h1407
=CAT  \\$aBATCH-CLA$b00$c20140228$lBLL01$h1612
=CAT  \\$aIPL-CLA$c20140331$lBLL01$h1633
=CAT  \\$aBATCH-CLA$b00$c20210227$lBLL01$h1007
=CAT  \\$aIPL-CLA$c20210331$lBLL01$h1850
=CAT  \\$aBATCH-CLA$b00$c20221130$lBLL01$h1421
=CAT  \\$aIPL-CLA$c20221231$lBLL01$h2210
=CAT  \\$aBATCH-CLA$b00$c20230209$lBLL01$h1509
=CAT  \\$aIPL-CLA$c20230210$lBLL01$h0106
=CFI  0\$aCurrent Copyright Fee: GBP45.00$c0$e09-feb-2023$fGBP45.00$g0$hC$5Uk
=CFI  2\$aBritish Library not licensed to copy$c0$e01-jan-2023$hC$iCFP Excluded$5Uk
=FMT  \\$a  SE
=LAS  \\$aIPL-CLA$b00$c20230210$lBLL01$h0106
=TCO  \\$aCLA$bCLA$c008

