=LDR  01079 as a22003018a 4500
=001  014473015
=003  Uk
=005  20090212141449.0
=006  m\\\\\\\\d\|\\\\\\
=007  cr||||||||||||
=008  071214c20089999enkqr\p\s\\\\\0\\\a0eng\\
=022  0\$a1756-5731
=040  \\$aUk$beng$cUk
=222  \0$aJournal of the urban environment$b(Online)
=245  00$aJournal of the urban environment (Online).
=260  \\$aDumfries :$bSapiens Publishing
=263  \\$a200803
=310  \\$aQuarterly
=336  \\$atext$2rdacontent
=337  \\$acomputer$2rdamedia
=338  \\$aonline resource$2rdacarrier
=776  0\$tJournal of the urban environment$c(Print)$x1756-5723
=985  \\$aResponsibility for ISSN transferred to US ISSN Centre from ISSN UK Centre, 12.02.2009. Publisher now Taylor & Francis (US responsibility). Title amended to 'International journal of urban sustainable development'
=CAT  \\$a11313$b40$c20071214$lBLL01$h1044
=CAT  \\$a11313$b40$c20090212$lBLL01$h1414
=FMT  \\$a  SE
=LAS  \\$a11313$b40$c20090212$lBLL01$h1414
=TCO  \\$aCLA$bCLA$c008

