=LDR  03052 as a2200721 a 4500
=001  014628484
=003  Uk
=005  20180222135016.0
=006  m\\\\\\\\d\|\\\\\\
=007  cr||||||||||||
=008  080528c20099999enkqr\p\o\\\\\0\\\a0eng\\
=022  0\$a1757-837X
=040  \\$aUk$beng$cUk$dUk$erda
=082  04$a363.192$222
=210  0\$aQual. assur. saf. crop. foods$b(Online)
=222  \0$aQuality assurance and safety of crops & foods$b(Online)
=245  00$aQuality assurance and safety of crops & foods$h[electronic resource].
=246  3\$aQuality assurance and safety of crops and foods
=260  \\$aOxford :$bWiley-Blackwell
=310  \\$aQuarterly
=336  \\$atext$2rdacontent
=337  \\$acomputer$2rdamedia
=338  \\$aonline resource$2rdacarrier
=362  1\$aPrint began with vol.1, issue 1 (Mar. 2009).
=540  \\$aCurrent copyright fee: GBP28.00$c99\0$5Uk
=588  \\$aDescription based on print record.
=650  \0$aCrops$xQuality control$vPeriodicals.
=650  \0$aCrops$xSafety measures$vPeriodicals.
=650  \0$aFood$xSafety measures$vPeriodicals.
=650  \0$aFood$xQuality control$vPeriodicals.
=710  2\$aInternational Association for Cereal Science and Technology,$eissuing body.
=776  08$iPrint version: -2014 :$tQuality assurance and safety of crops and foods$c(Print)$x1757-8361
=856  \\$31850-9999$uhttp://www.wageningenacademic.com/$xBLDSS
=856  4\$uhttp://www3.interscience.wiley.com/journal/122295959/home$zFollow links to resource
=945  \\$aQuality assurance and safety of crops and foods.
=979  \\$aBritish Library$bDSC$j7168.139190N
=985  \\$aISSN UK Centre note: responsibility transferred to ISSN Netherlands 12.1.18.
=CAT  \\$a11316$b40$c20080528$lBLL01$h1603
=CAT  \\$aBATCH$b00$c20081124$lBLL01$h1135
=CAT  \\$a8124$b40$c20090424$lBLL01$h1154
=CAT  \\$a5552$b40$c20131206$lBLL01$h1222
=CAT  \\$a5552$b40$c20131206$lBLL01$h1341
=CAT  \\$a8201$b40$c20141014$lBLL01$h0919
=CAT  \\$aBLDSS-3PM$b00$c20150131$lBLL01$h2313
=CAT  \\$a8874$b40$c20150317$lBLL01$h1319
=CAT  \\$aBATCH-UPD$b40$c20151115$lBLL01$h1420
=CAT  \\$aBATCH-UPD$b40$c20160413$lBLL01$h1822
=CAT  \\$a5552$b40$c20170224$lBLL01$h1316
=CAT  \\$a10973$b40$c20180112$lBLL01$h1223
=CAT  \\$a10973$b40$c20180112$lBLL01$h1224
=CAT  \\$a5552$b40$c20180222$lBLL01$h1350
=CAT  \\$aIPL-CLA$c20180331$lBLL01$h1638
=CFI  0\$aCurrent copyright fee: GBP28.00$c99\0$e01-apr-2018$fGBP28.00$g0$hP$5Uk
=CFI  2\$aPrevious copyright fee: GBP25.00$c99\0$e06-dec-2013$fGBP25.00$g0$hP$5Uk
=FFP  \\$aY$bBLDSS-3PM
=FIN  \\$aY$d20090424
=FMT  \\$a  SE
=LAS  \\$aIPL-CLA$b00$c20180331$lBLL01$h1638
=LET  \0$aQuality assurance and safety of crops and foods (Online)
=LKR  \\$aPAR$lBLL01$b014628485$nQuality assurance and safety of crops and foods (Print)$mQuality assurance and safety of crops and foods (Online)$r776
=TCO  \\$aCLA$bCLA$c008
=TOC  \\$aETOC
=UNO  \\$aY

