=LDR  01723cas a22004578a 4500
=001  014748078
=003  Uk
=005  20230210010731.0
=007  ta
=008  080908c20099999enkfr\p\\\\\\\0\\\a0eng\\
=022  0\$a1758-9576
=040  \\$aUk$beng$cUk
=222  \0$aJournal of legal anthropology$b(Print)
=245  00$aJournal of legal anthropology (Print).
=260  \\$aSurbiton :$bAequitas
=263  \\$a200909
=310  \\$aSemiannual
=336  \\$atext$2rdacontent
=337  \\$aunmediated$2rdamedia
=338  \\$avolume$2rdacarrier
=540  \\$aCurrent Copyright Fee: GBP18.00$c0$5Uk
=776  0\$tJournal of legal anthropology$c(Online)$x1758-9584
=985  \\$aISSN Responsibility for ISSN transferred to US ISSN Centre from ISSN UK Centre before completion, 17.02.2011
=ACF  \\$aPrevious Copyright Fee: GBP18.00$c0$e01-jul-2019$fGBP18.00$g0$hC$5Uk
=CAT  \\$a11316$b40$c20080908$lBLL01$h1627
=CAT  \\$aBATCH$b00$c20081124$lBLL01$h1136
=CAT  \\$a11313$b40$c20090703$lBLL01$h0830
=CAT  \\$a11313$b40$c20110217$lBLL01$h1114
=CAT  \\$a11313$b40$c20110217$lBLL01$h1322
=CAT  \\$aBATCH-CLA$b00$c20190531$lBLL01$h1624
=CAT  \\$aIPL-CLA$c20190630$lBLL01$h1541
=CAT  \\$aBATCH-CLA$b00$c20221130$lBLL01$h1447
=CAT  \\$aIPL-CLA$c20221231$lBLL01$h2221
=CAT  \\$aBATCH-CLA$b00$c20230209$lBLL01$h1534
=CAT  \\$aIPL-CLA$c20230210$lBLL01$h0107
=CFI  0\$aCurrent Copyright Fee: GBP18.00$c0$e09-feb-2023$fGBP18.00$g0$hC$5Uk
=CFI  2\$aBritish Library not licensed to copy$c0$e01-jan-2023$hC$iCFP Excluded$5Uk
=FMT  \\$a  SE
=LAS  \\$aIPL-CLA$b00$c20230210$lBLL01$h0107
=LET  \0$aJournal of legal anthropology (Print)
=TCO  \\$aCLA$bCLA$c008

