=LDR  00975 as a22002898a 4500
=001  014781362
=003  Uk
=005  20081020094155.0
=007  ta
=008  081020c20059999xxk\\\\\\\\\\\0\\\b0ger\\
=022  \\$a1867-5654
=040  \\$aUk$beng$cUk
=222  \0$aNetcoo$b(Warendorf)
=245  00$aNetcoo.
=260  \\$aWarendorf ;$aBirmingham :$bNetcoo Publishing International
=310  \\$aBimonthly
=336  \\$atext$2rdacontent
=337  \\$aunmediated$2rdamedia
=338  \\$avolume$2rdacarrier
=985  \\$aISSN RECORD ONLY - PLEASE DO NOT MERGE OR ADD ITEMS.
=985  \\$aISSN responsibility held by ISSN Germany. Issue for Sept. 2008 includes UK address. See correspondence from other Centres. SF 20/10/08
=CAT  \\$a11316$b40$c20081020$lBLL01$h0941
=CAT  \\$aW1711-1225$c20171203$lBLL01$h1031
=FMT  \\$a  SE
=LAS  \\$aW1711-1225$b00$c20171203$lBLL01$h1031
=STA  \\$aSUPPRESSED$bunable to determine reason for suppression
=TCO  \\$aCLA$bCLA$c008

