=LDR  00924 as a22003017a 4500
=001  014787375
=003  Uk
=005  20191204135735.0
=007  ta
=008  081028c20069999enk\x\m\\\\\\\0\\\a0eng\\
=022  0\$a1759-3670
=040  \\$aUk$beng$cUk
=222  \0$aLaw and migration
=245  00$aLaw and migration.
=260  \\$aAldershot :$bAshgate,$c2006-
=264  31$aLondon :$bRoutledge
=336  \\$atext$2rdacontent
=337  \\$aunmediated$2rdamedia
=338  \\$avolume$2rdacarrier
=776  08$iAlso issued online as:$tLaw and migration$x2689-6648
=985  \\$aISSN UK Centre note: responsibility transferred to US Center 4.12.19 (multinational publisher).
=CAT  \\$a6537$b40$c20081028$lBLL01$h1134
=CAT  \\$a10973$b40$c20191204$lBLL01$h1356
=CAT  \\$a10973$b40$c20191204$lBLL01$h1357
=FIN  \\$aY$d20081028
=FMT  \\$a  SE
=LAS  \\$a10973$b40$c20191204$lBLL01$h1357
=TCO  \\$aCLA$bCLA$c008

