=LDR  01338 as a22003737a 4500
=001  014853739
=003  Uk
=005  20110823143932.0
=006  m\\\\\\\\d\|\\\\\\
=007  cr||||||||||||
=008  081210c20099999wlkqr\p\s\\\\\0\\\a0eng\\
=022  0\$a1759-7986
=040  \\$aUk$beng$cUk
=222  \0$aJournal of apiproduct and apimedical science
=245  00$aJournal of apiproduct and apimedical science$h[electronic resource].
=260  \\$aCardiff :$bInternational Bee Research Association
=310  \\$aQuarterly
=336  \\$atext$2rdacontent
=337  \\$acomputer$2rdamedia
=338  \\$aonline resource$2rdacarrier
=710  2\$aInternational Bee Research Association.
=856  4\$uhttp://www.jaas.org.uk/homepages$zTo subscribe
=985  \\$aResponsibility for ISSN transferred to ISSN International Centre from ISSN UK Centre, 23.02.2010
=985  \\$aISSN title from pdf caption (publisher's Web site July 15, 2011).
=CAT  \\$a6537$b40$c20081210$lBLL01$h0724
=CAT  \\$a11313$b40$c20100223$lBLL01$h1428
=CAT  \\$a11313$b40$c20100223$lBLL01$h1429
=CAT  \\$a5997$b40$c20110715$lBLL01$h0852
=CAT  \\$a5997$b40$c20110715$lBLL01$h0853
=CAT  \\$aISSN$b40$c20110823$lBLL01$h1439
=FIN  \\$aY$d20110715
=FMT  \\$a  SE
=LAS  \\$aISSN$b40$c20110823$lBLL01$h1439
=TCO  \\$aCLA$bCLA$c008

