=LDR  01209 as a22003258a 4500
=001  015120763
=003  Uk
=005  20130802095916.0
=006  m\\\\\\\\d\|\\\\\\
=007  cr||||||||||||
=008  090428c20139999enkqr\p\s\\\\\0\\\a0eng\\
=022  0\$a2040-8838$202
=040  \\$aUk$beng$cUk
=222  \0$aOpon ifa review$b(Online)
=245  00$aOpon ifa review (Online)
=260  \\$aRochester$bAlpha Crownes Publishers
=263  \\$a201312
=310  \\$aQuarterly
=336  \\$atext$2rdacontent
=337  \\$acomputer$2rdamedia
=338  \\$aonline resource$2rdacarrier
=776  0\$tOpon ifa review$x1118-0277
=985  \\$aPrint version has ISSN assigned by Nigerian ISSN Centre (ISSN 1118-0277). ISSN UK will need to take responsibility for print ISSN once copy is received. ISSN UK Centre, 28.04.2009
=985  \\$aSecond request received 01.08.13. Copy of original notification sent to publisher and record amended to show new proposed publication date. 02.08.13.
=CAT  \\$a11313$b40$c20090428$lBLL01$h0921
=CAT  \\$a11313$b40$c20100209$lBLL01$h0820
=CAT  \\$a11315$b40$c20130802$lBLL01$h0959
=FMT  \\$a  SE
=LAS  \\$a11315$b40$c20130802$lBLL01$h0959
=TCO  \\$aCLA$bCLA$c008

