=LDR  02304 as a2200601 a 4500
=001  015173408
=003  Uk
=005  20161214135603.0
=006  m\\\\\\\\d\|\\\\\\
=007  cr||||||||||||
=008  090501d1987201uenk\x\p\o\\\\\0\\\a0eng\\
=015  \\$aGBA944015$2bnb
=022  0\$a2040-5774
=040  \\$aUk$beng$cUk$dUk
=042  \\$aukblsr
=082  04$a501$222
=130  0\$aScientific notes (Libertarian Alliance : Online)
=222  \0$aScientific notes$b(Online)
=245  10$aScientific notes$h[electronic resource].
=260  \\$aLondon :$bLibertarian Alliance
=310  \\$aIrregular
=336  \\$atext$2rdacontent
=337  \\$acomputer$2rdamedia
=338  \\$aonline resource$2rdacarrier
=362  1\$aPrint began with no. 1, 1987.
=500  \\$aDescription based on: no.14 (2006) issue; title from PDF caption, foot of page (publisher's Web site, viewed on May 1, 2009).
=500  \\$aLatest issue consulted: no. 16 (2007).
=538  \\$aMode of access: World Wide Web.
=538  \\$aSystem requirements: Adobe Acrobat Reader.
=580  \\$aTo no. 13 (2001)? also issued in print format.
=650  \0$aScience$xPhilosophy$vPeriodicals.
=650  \0$aLibertarianism$vPeriodicals.
=650  \0$aScience$xControversial literature$vPeriodicals.
=710  2\$aLibertarian Alliance.
=780  10$tScientific notes$x0267-7067
=856  4\$uhttp://www.libertarian.co.uk/lapubs/scien/scindex.htm
=985  \\$aResponsibility for ISSN transferred to ISSN International Centre from ISSN UK Centre, 04/03/11.
=CAT  \\$a3072$b40$c20090501$lBLL01$h1706
=CAT  \\$a3072$b40$c20090501$lBLL01$h1711
=CAT  \\$a3072$b40$c20090501$lBLL01$h1713
=CAT  \\$a11315$b40$c20110304$lBLL01$h1444
=CAT  \\$a9572$b40$c20120328$lBLL01$h1133
=CAT  \\$a8201$b40$c20130618$lBLL01$h0926
=CAT  \\$a7778$b40$c20131219$lBLL01$h1454
=CAT  \\$a8874$b40$c20161214$lBLL01$h1356
=CAT  \\$aW1711-1225$c20171203$lBLL01$h1033
=FIN  \\$aY$d20090501
=FMT  \\$a  SE
=LAS  \\$aW1711-1225$b00$c20171203$lBLL01$h1033
=LET  \0$aScientific notes (Online)
=LKR  \\$aPAR$b012483799$lBLL01$r78010$mScientific notes (Online)$nScientific notes (Print)
=STA  \\$aSUPPRESSED$bunable to determine reason for suppression
=TCO  \\$aCLA$bCLA$c008

