=LDR  00868 as a22002898a 4500
=001  015295239
=003  Uk
=005  20150305101807.0
=007  ta
=008  090622c20099999pk\mr\p\\\\\\\0\\\a0eng\\
=022  0\$a2041-4595
=040  \\$aUk$beng$cUk
=222  \0$aNigaah
=245  00$aNigaah.
=260  \\$aKarachi :$bT. Muhajir
=263  \\$a200907
=310  \\$aMonthly
=336  \\$atext$2rdacontent
=337  \\$aunmediated$2rdamedia
=338  \\$avolume$2rdacarrier
=985  \\$aISSN UK Centre note: Responsibility for ISSN transferred to International Centre 5.3.15 as the address quoted on the publication is in Karachi, Pakistan.
=CAT  \\$a10806$b40$c20090622$lBLL01$h1342
=CAT  \\$a10973$b40$c20150305$lBLL01$h1017
=CAT  \\$a10973$b40$c20150305$lBLL01$h1018
=FMT  \\$a  SE
=LAS  \\$a10973$b40$c20150305$lBLL01$h1018
=TCO  \\$aCLA$bCLA$c008

