=LDR  01735 as a22004457a 4500
=001  015343785
=003  Uk
=005  20170807120108.0
=006  m\\\\\\\\d\|\\\\\\
=007  cr||||||||||||
=008  090806c20099999my\qr\p\s\\\\\0\\\a0eng\\
=022  0\$a2041-8728
=040  \\$aUk$beng$cUk$dUk
=082  04$a297.505
=222  \0$aIslam and civilisational renewal$b(Online)
=245  00$aIslam and civilisational renewal$h[electronic resource].
=246  13$aICR
=246  13$aICR journal
=260  \\$a[London] :$bPluto Journals on behalf of the International Institute of Advanced Islamic Studies
=264  31$32012-$aKuala Lumpur :$bInternational Institute of Advanced Islamic Studies (IAIS) Malaysia
=310  \\$aQuarterly
=336  \\$atext$2rdacontent
=337  \\$acomputer$2rdamedia
=338  \\$aonline resource$2rdacarrier
=588  \\$aLatest issue consulted: volume 8, number 1 (January 2017) (www.icrjournal.org, viewed August 7, 2017).
=710  2\$aInternational Institute of Advanced Islamic Studies Malaysia.
=776  0\$tIslam and civilisational renewal$x2041-871X
=856  40$uhttp://icr.plutojournals.org/$zLink no longer valid
=856  40$uhttp://www.icrjournal.org/icr/index.php/icr/index
=985  \\$aISSN responsibility transfer to ISSN Malaysia in progress (Richard, 07/08/17)
=CAT  \\$a7152$b40$c20090806$lBLL01$h1556
=CAT  \\$a7152$b40$c20101004$lBLL01$h1456
=CAT  \\$a5997$b40$c20101009$lBLL01$h1047
=CAT  \\$a10806$b40$c20170807$lBLL01$h1154
=CAT  \\$a10806$b40$c20170807$lBLL01$h1201
=FIN  \\$aY$d20101004
=FMT  \\$a  SE
=LAS  \\$a10806$b40$c20170807$lBLL01$h1201
=LET  \0$aIslam and civilisational renewal (Online)
=TCO  \\$aCLA$bCLA$c008

