=LDR  00811 as a22002778a 4500
=001  015368608
=003  Uk
=005  20090911112714.0
=007  ta
=008  090911c20099999enkwr\n\\\\\\\0\\\a0eng\\
=022  0\$a2041-9708$202
=040  \\$aUk$beng$cUk
=222  \4$aThe Leewards times
=245  04$aThe Leewards times.
=260  \\$aDagenham :$bPost Scriptum
=263  \\$a200910
=310  \\$aWeekly
=336  \\$atext$2rdacontent
=337  \\$aunmediated$2rdamedia
=338  \\$avolume$2rdacarrier
=985  \\$aPlease pass to ISSN UK Centre on receipt. Check publisher statement is UK, may need to transfer responsibility to IC.
=CAT  \\$a7152$b40$c20090911$lBLL01$h1121
=CAT  \\$a7152$b40$c20090911$lBLL01$h1127
=FMT  \\$a  SE
=LAS  \\$a7152$b40$c20090911$lBLL01$h1127
=TCO  \\$aCLA$bCLA$c008

