=LDR  01136 as a22003617a 4500
=001  015378269
=003  Uk
=005  20110303154408.0
=006  m\\\\\\\\d\|\\\\\\
=007  cr||||||||||||
=008  090925c19899999enk\x\\\s\\\\\0\\\a0eng\\
=022  0\$a2042-2520
=040  \\$aUk$beng$cUk
=222  \0$aAtheist notes$b(Online)
=245  00$aAtheist notes$h[electronic resource].
=260  \\$aLondon :$bLibertarian Alliance
=310  \\$aIrregular
=336  \\$atext$2rdacontent
=337  \\$acomputer$2rdamedia
=338  \\$aonline resource$2rdacarrier
=710  2\$aLibertarian Alliance.
=776  0\$tAtheist notes$x0953-7791
=856  4\$uhttp://www.libertarian.co.uk/
=985  \\$aResponsibility for ISSN transferred to ISSN International Centre from ISSN UK Centre, 03/03/11.
=CAT  \\$a11315$b40$c20090925$lBLL01$h1112
=CAT  \\$a11315$b40$c20091002$lBLL01$h0835
=CAT  \\$a11315$b40$c20110303$lBLL01$h1542
=CAT  \\$a11315$b40$c20110303$lBLL01$h1544
=FIN  \\$aY$d20090925
=FMT  \\$a  SE
=LAS  \\$a11315$b40$c20110303$lBLL01$h1544
=LET  \0$aAtheist notes (Online)
=TCO  \\$aCLA$bCLA$c008

