=LDR  02732 as a2200709 a 4500
=001  015378279
=003  Uk
=005  20160805095825.0
=006  m\\\\\\\\d\|\\\\\\
=007  cr||||||||||||
=008  090925d1983201uenk\x\\\o\\\\\0\\\a0eng\\
=022  0\$a2042-2539$y0267-677X
=040  \\$aUk$beng$cUk$dUk
=042  \\$aukblsr
=082  04$a700.5$222
=130  0\$aCultural notes (Online)
=222  \0$aCultural notes$b(Online)
=245  10$aCultural notes$h[electronic resource].
=260  \\$aLondon :$bLibertarian Alliance,$c1983-
=310  \\$aIrregular
=336  \\$atext$2rdacontent
=337  \\$acomputer$2rdamedia
=338  \\$aonline resource$2rdacarrier
=362  0\$aNo. 1-
=500  \\$a"An occasional publication of the Libertarian Alliance."
=500  \\$aIssues have thematic titles.
=500  \\$aTitle from PDF caption (publisher's Web site, viewed Jan. 19, 2011).
=538  \\$aMode of access: World Wide Web.
=538  \\$aSystem requirements: Adobe Acrobat Reader.
=540  \\$aCurrent Copyright Fee: GBP12.30$c0$5Uk
=580  \\$aPreviously also issued in print format.
=588  \\$aLatest issue consulted: No. 55 (viewed Jan. 19, 2011).
=650  \0$aLibertarianism$xPeriodicals$vPeriodicals.
=650  \0$aPolitics and culture$xPeriodicals.
=650  \0$aArts and morals$xPeriodicals.
=650  \0$aPopular culture$xPeriodicals.
=710  2\$aLibertarian Alliance.
=776  1\$tCultural notes$x0267-677X
=780  10$tCultural notes$x0267-677X
=856  4\$uhttp://www.libertarian.co.uk/$zFollow links to resource
=985  \\$aResponsibility for ISSN transferred to ISSN International Centre from ISSN UK Centre, 03/03/11.
=CAT  \\$a11315$b40$c20090925$lBLL01$h1123
=CAT  \\$a11315$b40$c20090925$lBLL01$h1125
=CAT  \\$a11315$b40$c20091002$lBLL01$h0834
=CAT  \\$a5997$b40$c20110119$lBLL01$h1019
=CAT  \\$a5997$b40$c20110119$lBLL01$h1212
=CAT  \\$a5997$b40$c20110119$lBLL01$h1401
=CAT  \\$a5997$b40$c20110119$lBLL01$h1402
=CAT  \\$a11315$b40$c20110303$lBLL01$h1546
=CAT  \\$a8201$b40$c20140127$lBLL01$h0948
=CAT  \\$aBATCH-CLA$b00$c20140228$lBLL01$h1619
=CAT  \\$aIPL-CLA$c20140331$lBLL01$h1637
=CAT  \\$a7792$b40$c20160805$lBLL01$h0958
=CAT  \\$aW1711-1225$c20171203$lBLL01$h1034
=CFI  0\$aCurrent Copyright Fee: GBP12.30$c0$e01-apr-2014$fGBP12.30$g0$hC$5Uk
=FIN  \\$aY$d20090925
=FMT  \\$a  SE
=LAS  \\$aW1711-1225$b00$c20171203$lBLL01$h1034
=LET  \0$aCultural notes (Electronic)
=LKR  \\$aPAR$b012482357$lBLL01$nCultural notes (Print)$mCultural notes (Online)$r78010
=STA  \\$aSUPPRESSED$bunable to determine reason for suppression
=TCO  \\$aCLA$bCLA$c008

