=LDR  01099 as a22003497a 4500
=001  015378304
=003  Uk
=005  20110303154759.0
=006  m\\\\\\\\d\|\\\\\\
=007  cr||||||||||||
=008  090925c19859999enk\x\\\s\\\\\0\\\a0eng\\
=022  0\$a2042-2547
=040  \\$aUk$beng$cUk
=222  \0$aEconomic notes$b(London. Online)
=245  00$aEconomic notes$h[electronic resource].
=260  \\$aLondon :$bLibertarian Alliance
=310  \\$aIrregular
=336  \\$atext$2rdacontent
=337  \\$acomputer$2rdamedia
=338  \\$aonline resource$2rdacarrier
=710  2\$aLibertarian Alliance.
=776  0\$tEconomic notes$x0267-7164
=856  4\$uhttp://www.libertarian.co.uk/
=985  \\$aResponsibility for ISSN transferred to ISSN International Centre from ISSN UK Centre, 03/03/11.
=CAT  \\$a11315$b40$c20090925$lBLL01$h1140
=CAT  \\$a11315$b40$c20091002$lBLL01$h0834
=CAT  \\$a11315$b40$c20110303$lBLL01$h1547
=FIN  \\$aY$d20090925
=FMT  \\$a  SE
=LAS  \\$a11315$b40$c20110303$lBLL01$h1547
=LET  \0$aEconomic notes (Online)
=TCO  \\$aCLA$bCLA$c008

