=LDR  01143 as a22003497a 4500
=001  015378315
=003  Uk
=005  20110304084009.0
=006  m\\\\\\\\d\|\\\\\\
=007  cr||||||||||||
=008  090925c19849999enk\x\\\s\\\\\0\\\a0eng\\
=022  0\$a2042-2563
=040  \\$aUk$beng$cUk
=222  \0$aForeign policy perspectives$b(Online)
=245  00$aForeign policy perspectives$h[electronic resource].
=260  \\$aLondon :$bLibertarian Alliance
=310  \\$aIrregular
=336  \\$atext$2rdacontent
=337  \\$acomputer$2rdamedia
=338  \\$aonline resource$2rdacarrier
=710  2\$aLibertarian Alliance.
=776  0\$tForeign policy perspectives$x0267-6761
=856  4\$uhttp://www.libertarian.co.uk/
=985  \\$aResponsibility for ISSN transferred to ISSN International Centre from ISSN UK Centre, 04/03/11.
=CAT  \\$a11315$b40$c20090925$lBLL01$h1152
=CAT  \\$a11315$b40$c20091002$lBLL01$h0833
=CAT  \\$a11315$b40$c20110304$lBLL01$h0840
=FIN  \\$aY$d20090925
=FMT  \\$a  SE
=LAS  \\$a11315$b40$c20110304$lBLL01$h0840
=LET  \0$aForeign policy perspectives (Online)
=TCO  \\$aCLA$bCLA$c008

