=LDR  01079 as a22003497a 4500
=001  015378351
=003  Uk
=005  20110304084418.0
=006  m\\\\\\\\d\|\\\\\\
=007  cr||||||||||||
=008  090925c19879999enk\x\\\s\\\\\0\\\a0eng\\
=022  0\$a2042-258X
=040  \\$aUk$beng$cUk
=222  \0$aLegal notes$b(Online)
=245  00$aLegal notes$h[electronic resource].
=260  \\$aLondon :$bLibertarian Alliance
=310  \\$aIrregular
=336  \\$atext$2rdacontent
=337  \\$acomputer$2rdamedia
=338  \\$aonline resource$2rdacarrier
=710  2\$aLibertarian Alliance.
=776  0\$tLegal notes$x0267-7083
=856  4\$uhttp://www.libertarian.co.uk/
=985  \\$aResponsibility for ISSN transferred to ISSN International Centre from ISSN UK Centre, 04/03/11.
=CAT  \\$a11315$b40$c20090925$lBLL01$h1317
=CAT  \\$a11315$b40$c20091002$lBLL01$h0832
=CAT  \\$a11315$b40$c20110304$lBLL01$h0844
=FIN  \\$aY$d20090925
=FMT  \\$a  SE
=LAS  \\$a11315$b40$c20110304$lBLL01$h0844
=LET  \0$aLegal notes (Online)
=TCO  \\$aCLA$bCLA$c008

