=LDR  01155 as a22003497a 4500
=001  015378378
=003  Uk
=005  20110304084714.0
=006  m\\\\\\\\d\|\\\\\\
=007  cr||||||||||||
=008  090925c19799999enk\x\\\s\\\\\0\\\a0eng\\
=022  0\$a2042-2598
=040  \\$aUk$beng$cUk
=222  \0$aLibertarian Alliance pamphlets$b(Online)
=245  00$aLibertarian Alliance pamphlets$h[electronic resource].
=260  \\$aLondon :$bLibertarian Alliance
=310  \\$aIrregular
=336  \\$atext$2rdacontent
=337  \\$acomputer$2rdamedia
=338  \\$aonline resource$2rdacarrier
=710  2\$aLibertarian Alliance.
=776  0\$tLibertarian Alliance pamphlets$x0953-7783
=856  4\$uhttp://www.libertarian.co.uk/
=985  \\$aResponsibility for ISSN transferred to ISSN International Centre from ISSN UK Centre, 04/03/11.
=CAT  \\$a11315$b40$c20090925$lBLL01$h1346
=CAT  \\$a11315$b40$c20091002$lBLL01$h0832
=CAT  \\$a11315$b40$c20110304$lBLL01$h0847
=FIN  \\$aY$d20090925
=FMT  \\$a  SE
=LAS  \\$a11315$b40$c20110304$lBLL01$h0847
=LET  \0$aLibertarian Alliance pamphlets (Online)
=TCO  \\$aCLA$bCLA$c008

