=LDR  01115 as a22003497a 4500
=001  015378401
=003  Uk
=005  20110304084843.0
=006  m\\\\\\\\d\|\\\\\\
=007  cr||||||||||||
=008  090925c19969999enk\x\\\s\\\\\0\\\a0eng\\
=022  0\$a2042-2601
=040  \\$aUk$beng$cUk
=222  \0$aLibertarian fictions$b(Online)
=245  00$aLibertarian fictions$h[electronic resource].
=260  \\$aLondon :$bLibertarian Alliance
=310  \\$aIrregular
=336  \\$atext$2rdacontent
=337  \\$acomputer$2rdamedia
=338  \\$aonline resource$2rdacarrier
=710  2\$aLibertarian Alliance.
=776  0\$tLibertarian fictions$x1361-7761
=856  4\$uhttp://www.libertarian.co.uk/
=985  \\$aResponsibility for ISSN transferred to ISSN International Centre from ISSN UK Centre, 04/03/11.
=CAT  \\$a11315$b40$c20090925$lBLL01$h1410
=CAT  \\$a11315$b40$c20091002$lBLL01$h0831
=CAT  \\$a11315$b40$c20110304$lBLL01$h0848
=FIN  \\$aY$d20090925
=FMT  \\$a  SE
=LAS  \\$a11315$b40$c20110304$lBLL01$h0848
=LET  \0$aLibertarian fictions (Online)
=TCO  \\$aCLA$bCLA$c008

