=LDR  01115 as a22003497a 4500
=001  015383090
=003  Uk
=005  20110304142942.0
=006  m\\\\\\\\d\|\\\\\\
=007  cr||||||||||||
=008  091002c19849999enk\x\p\s\\\\\0\\\a0eng\\
=022  0\$a2042-2741
=040  \\$aUk$beng$cUk
=222  \0$aLibertarian reprints$b(Online)
=245  00$aLibertarian reprints$h[electronic resource].
=260  \\$aLondon :$bLibertarian Alliance
=310  \\$aIrregular
=336  \\$atext$2rdacontent
=337  \\$acomputer$2rdamedia
=338  \\$aonline resource$2rdacarrier
=710  2\$aLibertarian Alliance.
=776  0\$tLibertarian reprints$x0267-6796
=856  4\$uhttp://www.libertarian.co.uk/
=985  \\$aResponsibility for ISSN transferred to ISSN International Centre from ISSN UK Centre, 04/03/11.
=CAT  \\$a11315$b40$c20091002$lBLL01$h0925
=CAT  \\$a11315$b40$c20091002$lBLL01$h0937
=CAT  \\$a11315$b40$c20110304$lBLL01$h1429
=FIN  \\$aY$d20091002
=FMT  \\$a  SE
=LAS  \\$a11315$b40$c20110304$lBLL01$h1429
=LET  \0$aLibertarian reprints (Online)
=TCO  \\$aCLA$bCLA$c008

