=LDR  01069 as a22003377a 4500
=001  015383101
=003  Uk
=005  20110304143401.0
=006  m\\\\\\\\d\|\\\\\\
=007  cr||||||||||||
=008  091002c19849999enk\x\p\s\\\\\0\\\a0eng\\
=022  0\$a2042-275X
=040  \\$aUk$beng$cUk
=222  \0$aPersonal perspectives$b(Online)
=245  00$aPersonal perspectives$h[electronic resource].
=260  \\$aLondon :$bLibertarian Alliance
=310  \\$aIrregular
=336  \\$atext$2rdacontent
=337  \\$acomputer$2rdamedia
=338  \\$aonline resource$2rdacarrier
=710  2\$aLibertarian Alliance.
=776  0\$tLibertarian Alliance$x0267-7156
=856  4\$uhttp://www.libertarian.co.uk/
=985  \\$aResponsibility for ISSN transferred to ISSN International Centre from ISSN UK Centre, 04/03/11.
=CAT  \\$a11315$b40$c20091002$lBLL01$h0936
=CAT  \\$a11315$b40$c20110304$lBLL01$h1434
=FIN  \\$aY$d20091002
=FMT  \\$a  SE
=LAS  \\$a11315$b40$c20110304$lBLL01$h1434
=LET  \0$aPersonal perspectives (Online)
=TCO  \\$aCLA$bCLA$c008

