=LDR  01062 as a22003377a 4500
=001  015383119
=003  Uk
=005  20110304143804.0
=006  m\\\\\\\\d\|\\\\\\
=007  cr||||||||||||
=008  091002c19859999enk\x\p\s\\\\\0\\\a0eng\\
=022  0\$a2042-2768
=040  \\$aUk$beng$cUk
=222  \0$aPhilosophical notes$b(Online)
=245  00$aPhilosophical notes$h[electronic resource].
=260  \\$aLondon :$bLibertarian Alliance
=310  \\$aIrregular
=336  \\$atext$2rdacontent
=337  \\$acomputer$2rdamedia
=338  \\$aonline resource$2rdacarrier
=710  2\$aLibertarian Alliance.
=776  0\$tPhilosophical notes$x0267-7091
=856  4\$uhttp://www.libertarian.co.uk/
=985  \\$aResponsibility for ISSN transferred to ISSN International Centre from ISSN UK Centre, 04/03/11.
=CAT  \\$a11315$b40$c20091002$lBLL01$h1001
=CAT  \\$a11315$b40$c20110304$lBLL01$h1438
=FIN  \\$aY$d20091002
=FMT  \\$a  SE
=LAS  \\$a11315$b40$c20110304$lBLL01$h1438
=LET  \0$aPhilosophical notes (Online)
=TCO  \\$aCLA$bCLA$c008

