=LDR  01046 as a22003377a 4500
=001  015383156
=003  Uk
=005  20110304143945.0
=006  m\\\\\\\\d\|\\\\\\
=007  cr||||||||||||
=008  091002c19819999enk\x\p\s\\\\\0\\\a0eng\\
=022  0\$a2042-2776
=040  \\$aUk$beng$cUk
=222  \0$aPolitical notes$b(Online)
=245  00$aPolitical notes$h[electronic resource].
=260  \\$aLondon :$bLibertarian Alliance
=310  \\$aIrregular
=336  \\$atext$2rdacontent
=337  \\$acomputer$2rdamedia
=338  \\$aonline resource$2rdacarrier
=710  2\$aLibertarian Alliance.
=776  0\$tPolitical notes$x0267-7059
=856  4\$uhttp://www.libertarian.co.uk/
=985  \\$aResponsibility for ISSN transferred to ISSN International Centre from ISSN UK Centre, 04/03/11.
=CAT  \\$a11315$b40$c20091002$lBLL01$h1054
=CAT  \\$a11315$b40$c20110304$lBLL01$h1439
=FIN  \\$aY$d20091002
=FMT  \\$a  SE
=LAS  \\$a11315$b40$c20110304$lBLL01$h1439
=LET  \0$aPolitical notes (Online)
=TCO  \\$aCLA$bCLA$c008

