=LDR  01046 as a22003377a 4500
=001  015383213
=003  Uk
=005  20110304144301.0
=006  m\\\\\\\\d\|\\\\\\
=007  cr||||||||||||
=008  091002c19899999enk\x\\\s\\\\\0\\\a0eng\\
=022  0\$a2042-2792
=040  \\$aUk$beng$cUk
=222  \0$aReligious notes$b(Online)
=245  00$aReligious notes$h[electronic resource].
=260  \\$aLondon :$bLibertarian Alliance
=310  \\$aIrregular
=336  \\$atext$2rdacontent
=337  \\$acomputer$2rdamedia
=338  \\$aonline resource$2rdacarrier
=710  2\$aLibertarian Alliance.
=776  0\$tReligious notes$x0953-7805
=856  4\$uhttp://www.libertarian.co.uk/
=985  \\$aResponsibility for ISSN transferred to ISSN International Centre from ISSN UK Centre, 04/03/11.
=CAT  \\$a11315$b40$c20091002$lBLL01$h1142
=CAT  \\$a11315$b40$c20110304$lBLL01$h1443
=FIN  \\$aY$d20091002
=FMT  \\$a  SE
=LAS  \\$a11315$b40$c20110304$lBLL01$h1443
=LET  \0$aReligious notes (Online)
=TCO  \\$aCLA$bCLA$c008

