=LDR  02526aas a2200649 a 4500
=001  015383286
=003  Uk
=005  20130617103527.0
=006  m\\\\\\\\d\|\\\\\\
=007  cr||||||||||||
=008  091002d1987200uenk\x\m\o\\\\\0\\\a0eng\\
=022  0\$a2042-2806$y0267-7113
=040  \\$aUk$beng$cUk$dUk
=042  \\$aukblsr
=082  04$a301.05$222
=130  0\$aSociological notes (Online)
=222  \0$aSociological notes$b(Online)
=245  10$aSociological notes$h[electronic resource].
=260  \\$aLondon :$bLibertarian Alliance,$c1987-
=310  \\$aIrregular
=336  \\$atext$2rdacontent
=337  \\$acomputer$2rdamedia
=338  \\$aonline resource$2rdacarrier
=362  0\$aNo. 1 (1987)-
=500  \\$aTitle from PDF caption (publisher's Web site, viewed Feb. 7, 2011).
=538  \\$aMode of access: World Wide Web.
=538  \\$aSystem requirements: Adobe Acrobat Reader.
=540  \\$aCurrent Copyright Fee: GBP12.30$c0$5Uk
=580  \\$aPreviously also issued in print.
=588  \\$aLatest issue consulted: No. 29 (2003) (viewed Feb. 7, 2011).
=650  \0$aSociology$vPeriodicals.
=710  2\$aLibertarian Alliance.
=776  1\$tSociological notes$x0267-7113
=780  10$tSociological notes$x0267-7113
=856  4\$uhttp://www.libertarian.co.uk/$zFollow links to resource
=985  \\$aResponsibility for ISSN transferred to ISSN International Centre from ISSN UK Centre, 04/03/11.
=CAT  \\$a11315$b40$c20091002$lBLL01$h1320
=CAT  \\$a5997$b40$c20110207$lBLL01$h0958
=CAT  \\$a5997$b40$c20110207$lBLL01$h0959
=CAT  \\$a5997$b40$c20110207$lBLL01$h1000
=CAT  \\$a5997$b40$c20110207$lBLL01$h1144
=CAT  \\$a11315$b40$c20110304$lBLL01$h1445
=CAT  \\$a8201$b40$c20130617$lBLL01$h1035
=CAT  \\$aBATCH-CLA$b00$c20130830$lBLL01$h1631
=CAT  \\$aIPL-CLA$c20130930$lBLL01$h1805
=CAT  \\$aBATCH-CLA$b00$c20131129$lBLL01$h1704
=CAT  \\$aIPL-CLA$c20140101$lBLL01$h0123
=CAT  \\$aW1711-1225$c20171203$lBLL01$h1034
=CFI  0\$aCurrent Copyright Fee: GBP12.30$c0$e01-jan-2014$fGBP12.30$g0$hC$5Uk
=CFI  2\$aPrevious Copyright Fee: GBP12.00$c0$e01-oct-2013$fGBP12.00$g0$hC$5Uk
=FIN  \\$aY$d20091002
=FMT  \\$a  SE
=LAS  \\$aW1711-1225$b00$c20171203$lBLL01$h1034
=LET  \0$aSociological notes (Online)
=LKR  \\$aPAR$b010186038$lBLL01$nSociological notes (Print)$mSociological notes (Online)$r78000
=STA  \\$aSUPPRESSED$bunable to determine reason for suppression
=TCO  \\$aCLA$bCLA$c008

