=LDR  01034 as a22003377a 4500
=001  015383297
=003  Uk
=005  20110304144616.0
=006  m\\\\\\\\d\|\\\\\\
=007  cr||||||||||||
=008  091002c19849999enk\x\p\s\\\\\0\\\a0eng\\
=022  0\$a2042-2814
=040  \\$aUk$beng$cUk
=222  \0$aStudy guides$b(Online)
=245  00$aStudy guides$h[electronic resource].
=260  \\$aLondon :$bLibertarian Alliance
=310  \\$aIrregular
=336  \\$atext$2rdacontent
=337  \\$acomputer$2rdamedia
=338  \\$aonline resource$2rdacarrier
=710  2\$aLibertarian Alliance.
=776  0\$tStudy guides$x0267-7180
=856  4\$uhttp://www.libertarian.co.uk/
=985  \\$aResponsibility for ISSN transferred to ISSN International Centre from ISSN UK Centre, 04/03/11.
=CAT  \\$a11315$b40$c20091002$lBLL01$h1342
=CAT  \\$a11315$b40$c20110304$lBLL01$h1446
=FIN  \\$aY$d20091002
=FMT  \\$a  SE
=LAS  \\$a11315$b40$c20110304$lBLL01$h1446
=LET  \0$aStudy guides (Online)
=TCO  \\$aCLA$bCLA$c008

