=LDR  01042 as a22003377a 4500
=001  015383327
=003  Uk
=005  20110304144725.0
=006  m\\\\\\\\d\|\\\\\\
=007  cr||||||||||||
=008  091002c19819999enk\x\p\s\\\\\0\\\a0eng\\
=022  0\$a2042-2822
=040  \\$aUk$beng$cUk
=222  \0$aTactical notes$b(Online)
=245  00$aTactical notes$h[electronic resource].
=260  \\$aLondon :$bLibertarian Alliance
=310  \\$aIrregular
=336  \\$atext$2rdacontent
=337  \\$acomputer$2rdamedia
=338  \\$aonline resource$2rdacarrier
=710  2\$aLibertarian Alliance.
=776  0\$tTactical notes$x0268-2923
=856  4\$uhttp://www.libertarian.co.uk/
=985  \\$aResponsibility for ISSN transferred to ISSN International Centre from ISSN UK Centre, 04/03/11.
=CAT  \\$a11315$b40$c20091002$lBLL01$h1407
=CAT  \\$a11315$b40$c20110304$lBLL01$h1447
=FIN  \\$aY$d20091002
=FMT  \\$a  SE
=LAS  \\$a11315$b40$c20110304$lBLL01$h1447
=LET  \0$aTactical notes (Online)
=TCO  \\$aCLA$bCLA$c008

