=LDR  00922 as a22003018a 4500
=001  015480509
=003  Uk
=005  20101014095116.0
=008  100204c20109999fr\qr\p\\\\\\\0\\\a0eng\\
=022  0\$a2043-6122
=040  \\$aUk$beng$cUk
=222  \0$aAfrican banker$b(E패d. franc퍊aise)
=245  00$aAfrican banker.
=260  \\$aParis :$bIC Publications
=263  \\$a201002
=310  \\$aQuarterly
=336  \\$atext$2rdacontent
=337  \\$aunmediated$2rdamedia
=338  \\$avolume$2rdacarrier
=985  \\$aResponsibility for ISSN transferred to ISSN France from ISSN UK Centre, 14.10.2010
=CAT  \\$a11313$b40$c20100204$lBLL01$h0853
=CAT  \\$a11313$b40$c20100204$lBLL01$h1035
=CAT  \\$a11313$b40$c20100204$lBLL01$h1038
=CAT  \\$a11313$b40$c20100204$lBLL01$h1039
=CAT  \\$a11313$b40$c20101014$lBLL01$h0951
=FMT  \\$a  SE
=LAS  \\$a11313$b40$c20101014$lBLL01$h0951
=TCO  \\$aFRA$bCFC$c008

