=LDR  00992 as a22003138a 4500
=001  015637363
=003  Uk
=005  20110317135555.0
=007  ta
=008  100827c20109999enkqr\m\\\\\\\0\\\a0eng\\
=022  0\$a2045-2217
=040  \\$aUk$beng$cUk
=222  \0$aPolicy brief$b(Sightsavers)
=245  00$aPolicy brief
=260  \\$aHaywards Heath :$bSightsavers
=310  \\$aQuarterly
=336  \\$atext$2rdacontent
=337  \\$aunmediated$2rdamedia
=338  \\$avolume$2rdacarrier
=985  \\$aResponsibility for ISSN transferred to ISSN International Centre from ISSN UK Centre (publisher is international organisation), 10.02.2011
=CAT  \\$a11313$b40$c20100827$lBLL01$h1025
=CAT  \\$a11313$b40$c20110210$lBLL01$h1004
=CAT  \\$a11313$b40$c20110210$lBLL01$h1049
=CAT  \\$a11313$b40$c20110317$lBLL01$h1151
=CAT  \\$a11313$b40$c20110317$lBLL01$h1355
=FIN  \\$aY$d20110317
=FMT  \\$a  SE
=LAS  \\$a11313$b40$c20110317$lBLL01$h1355
=TCO  \\$aCLA$bCLA$c008

