=LDR  01198 as a22003258a 4500
=001  015661977
=003  Uk
=005  20120702152601.0
=006  m\\\\\\\\d\|\\\\\\
=007  cr||||||||||||
=008  101001c20109999stkfr\p\s\\\\\0\\\a0eng\\
=022  0\$a2045-4740
=040  \\$aUk$beng$cUk
=222  \0$aJournal of literature and trauma studies
=245  00$aJournal of literature and trauma studies.
=260  \\$aStirling :$bDepartment of English Studies, University of Stirling
=263  \\$a201012
=310  \\$aSemiannual
=336  \\$atext$2rdacontent
=337  \\$acomputer$2rdamedia
=338  \\$aonline resource$2rdacarrier
=985  \\$aISSN responsibility for WORK record transferred from ISSN UK Centre to U.S. ISSN Center (now University of Nebraska Press, no issues published by University of Stirling) - see ISSN UK Centre for further details, 02/07/12
=CAT  \\$a11316$b40$c20101001$lBLL01$h1504
=CAT  \\$a11316$b40$c20101001$lBLL01$h1506
=CAT  \\$a10806$b40$c20120702$lBLL01$h1522
=CAT  \\$a10806$b40$c20120702$lBLL01$h1523
=CAT  \\$a10806$b40$c20120702$lBLL01$h1526
=FMT  \\$a  SE
=LAS  \\$a10806$b40$c20120702$lBLL01$h1526
=TCO  \\$aCLA$bCLA$c008

