=LDR  00987 as a22002898a 4500
=001  015687068
=003  Uk
=005  20151026140226.0
=007  ta
=008  101103c20119999enker\p\\\\\\\0\\\a0eng\\
=022  0\$a2045-8002
=040  \\$aUk$beng$cUk
=222  \4$aElvis
=245  04$aElvis
=260  \\$aLondon :$bHothouse Developments
=263  \\$a201101
=310  \\$aFortnightly
=336  \\$atext$2rdacontent
=337  \\$aunmediated$2rdamedia
=338  \\$avolume$2rdacarrier
=985  \\$aISSN UK Centre note: responsibility transferred to ISSN Spain 26.10.15 as imprint states published by RBA Coleccionables in Barcelona. ISSN orignally assigned to 'The essential Elvis collection' but series title should be 'Elvis'. ISSN Spain to complete record.
=CAT  \\$a10806$b40$c20101103$lBLL01$h1429
=CAT  \\$a10973$b40$c20151016$lBLL01$h1618
=CAT  \\$a10973$b40$c20151026$lBLL01$h1402
=FMT  \\$a  SE
=LAS  \\$a10973$b40$c20151026$lBLL01$h1402
=TCO  \\$aCLA$bCLA$c008

