=LDR  01262 as a22003138a 4500
=001  015787313
=003  Uk
=005  20160125075944.0
=006  m\\\\\\\\d\|\\\\\\
=007  cr||||||||||||
=008  110407c19599999enkfr\p\s\\\\\0\\\a0eng\\
=022  0\$a2046-908X$202
=040  \\$aUk$beng$cUk
=222  \0$aJapanese religions$b(Online)
=245  00$aJapanese religions.
=260  \\$aLondon :$bEquinox Publishing
=263  \\$a201201
=310  \\$aSemiannual
=336  \\$atext$2rdacontent
=337  \\$acomputer$2rdamedia
=338  \\$aonline resource$2rdacarrier
=985  \\$aISSN UK: Equinox taking over publication of print version from 2012 (currently ISSN Japan register record) - will need to take responsibility for print record and create full ISSN record for print when first equinox issue is published in 2012 (print ISSN 0448-8954). Also, reciprocal links needed between the two records. See pre-pub file for correspondence with publisher and ISSN Japan (Richard, 07/04/11)
=CAT  \\$a10806$b40$c20110407$lBLL01$h1412
=CAT  \\$a10806$b40$c20110408$lBLL01$h1022
=CAT  \\$a8874$b40$c20160125$lBLL01$h0759
=FMT  \\$a  SE
=LAS  \\$a8874$b40$c20160125$lBLL01$h0759
=LET  \0$aJapanese religions (Online)
=TCO  \\$aCLA$bCLA$c008

