=LDR  01273 as a22003138a 4500
=001  015802612
=003  Uk
=005  20191105145119.0
=007  ta
=008  110509c20119999enkar\p\\\\\\\0\\\a0eng\\
=022  0\$a2047-1408$202
=040  \\$aUk$beng$cUk
=222  \0$aAnnual conference of the International Investigative Interviewing Research Group$b(Print)
=245  00$aAnnual conference of the International Investigative Interviewing Research Group (Print).
=260  \\$aMiddlesbrough :$bInternational Investigative Interviewing Research Group
=263  \\$a201106
=336  \\$atext$2rdacontent
=337  \\$aunmediated$2rdamedia
=338  \\$avolume$2rdacarrier
=985  \\$aISSN UK: Pass responsibility to IC after completion (IIRG is an international organisation) (Richard, 09/05/11)
=985  \\$aISSN UK Centre: please see online version ISSN 2047-1416, add 776 on completion.
=CAT  \\$a10806$b40$c20110509$lBLL01$h1318
=CAT  \\$a10806$b40$c20110509$lBLL01$h1321
=CAT  \\$a10806$b40$c20110509$lBLL01$h1337
=CAT  \\$a10973$b40$c20191105$lBLL01$h1451
=FMT  \\$a  SE
=LAS  \\$a10973$b40$c20191105$lBLL01$h1451
=LET  \0$aAnnual conference of the International Investigative Interviewing Research Group (Print)
=TCO  \\$aCLA$bCLA$c008

