=LDR  01133 as a22003257i 4500
=001  015823099
=003  Uk
=005  20170607163717.0
=007  ta
=008  110609c20119999enkbr\p\\\\\\\0\\\a0eng\\
=022  0\$a2047-3044
=040  \\$aUk$beng$cUk$erda
=222  \0$aTreasure magazine international
=245  00$aTreasure magazine international.
=246  10$aTMI
=264  \1$aAbuja :$bTreasure Business & Entertainment Concepts
=310  \\$aBimonthly
=336  \\$atext$2rdacontent
=337  \\$aunmediated$2rdamedia
=338  \\$avolume$2rdacarrier
=588  \\$aISSN description based on: [first edition].
=985  \\$aISSN UK Centre note: Published in Nigeria but completed with UK coding to send to Portal, coding will be removed when record has been imported. DLW.
=985  \\$aISSN UK Centre note: UK coding removed 7.6.17. Should be Nigerian responsibility.
=CAT  \\$a11315$b40$c20110609$lBLL01$h1120
=CAT  \\$a10973$b40$c20151014$lBLL01$h1058
=CAT  \\$a10973$b40$c20170607$lBLL01$h1637
=FIN  \\$aY$d20151014
=FMT  \\$a  SE
=LAS  \\$a10973$b40$c20170607$lBLL01$h1637
=TCO  \\$aCLA$bCLA$c008

