=LDR  01571 as a22003977a 4500
=001  016192781
=003  Uk
=005  20190823100103.0
=006  m\\\\\\\\d\|\\\\\\
=007  cr||||||||||||
=008  121017c20119999nz\fr\p\o\\\\\0\\\a0eng\\
=022  0\$a2241-0376
=040  \\$aUk$beng$cUk
=222  \0$aJournal of statistical and econometric methods
=245  00$aJournal of statistical and econometric methods$h[electronic resource].
=260  \\$aAthens :$bInternational Scientific Press
=260  2\$32012-$aBushey Heath :$bScienpress
=264  21$aLondon :$bScienpress Ltd
=264  31$32019-$aChristchurch, New Zealand :$bScientific Press International Limited
=310  \\$aSemiannual
=336  \\$atext$2rdacontent
=337  \\$acomputer$2rdamedia
=338  \\$aonline resource$2rdacarrier
=776  0\$tJournal of statistical and econometric methods$c(Print)$x2241-0384
=856  40$uhttp://www.scienpress.com/journal_focus.asp?Main_Id=68
=985  \\$aISSN responsibility taken by ISSN UK from ISSN Greece, 17.10.2012
=985  \\$aISSN responsibility transfer from UK to NZ pending (Richard, 23/08/19)
=985  \\$aISSN description based on: Journal homepage (website viewed October 17 2012)
=CAT  \\$a11313$b40$c20121017$lBLL01$h1435
=CAT  \\$a11313$b40$c20150729$lBLL01$h1300
=CAT  \\$a11313$b40$c20150729$lBLL01$h1301
=CAT  \\$a10806$b40$c20190823$lBLL01$h1001
=FIN  \\$aY$d20121017
=FMT  \\$a  SE
=LAS  \\$a10806$b40$c20190823$lBLL01$h1001
=LET  \0$aJournal of statistical and econometric methods (Electronic)

