=LDR  01654 as a22004097a 4500
=001  016192996
=003  Uk
=005  20190823092727.0
=006  m\\\\\\\\d\|\\\\\\
=007  cr||||||||||||
=008  121018c20119999nz\fr\p\o\\\\\0\\\a0eng\\
=022  0\$a1792-6599
=040  \\$aUk$beng$cUk
=222  \0$aJournal of applied finance and banking$b(Online)
=245  00$aJournal of applied finance and banking$h[electronic resource].
=246  1\$iMinor title change:$aJournal of applied finance & banking
=260  \\$aAthens :$bInternational Scientific Press
=260  2\$32012-$aBushey Heath :$bScienpress
=264  21$aLondon :$bScienpress Ltd
=264  31$32019-$aChristchurch, New Zealand :$bScientific Press International Limited
=310  \\$aSemiannual
=336  \\$atext$2rdacontent
=337  \\$acomputer$2rdamedia
=338  \\$aonline resource$2rdacarrier
=588  \\$aLatest issue consulted: volume 9, issue 5 (2019) (viewed August 23, 2019).
=776  0\$tJournal of applied finance and banking$x1792-6580
=856  40$uhttp://www.scienpress.com/journal_focus.asp?Main_Id=56
=985  \\$aISSN responsibility taken by ISSN UK from ISSN Greece, 18.10.2012
=985  \\$aISSN responsibility transfer from UK to NZ pending (Richard, 23/08/19)
=985  \\$aISSN description based on: Journal homepage (website viewed October 18 2012)
=CAT  \\$a11313$b40$c20121018$lBLL01$h0750
=CAT  \\$a11313$b40$c20150729$lBLL01$h1301
=CAT  \\$a10806$b40$c20190823$lBLL01$h0927
=FIN  \\$aY$d20121018
=FMT  \\$a  SE
=LAS  \\$a10806$b40$c20190823$lBLL01$h0927
=LET  \0$aJournal of applied finance & banking (Electronic)

