=LDR  01566 as a22003857a 4500
=001  016193021
=003  Uk
=005  20190823095256.0
=006  m\\\\\\\\d\|\\\\\\
=007  cr||||||||||||
=008  121018c20129999nz\fr\p\o\\\\\0\\\a0eng\\
=022  0\$a2241-0996
=040  \\$aUk$beng$cUk
=222  \0$aJournal of finance and investment analysis$b(Online)
=245  00$aJournal of finance and investment analysis$h[electronic resource].
=260  \\$aAthens :$bInternational Scientific Press
=260  2\$32012-$aBushey Heath :$bScienpress
=264  31$32019-$aChristchurch, New Zealand :$bScientific Press International Limited
=310  \\$aSemiannual
=336  \\$atext$2rdacontent
=337  \\$acomputer$2rdamedia
=338  \\$aonline resource$2rdacarrier
=588  \\$aLatest issue consulted: volume 8, issue 4 (2019) (viewed August 23, 2019).
=776  0\$tJournal of finance and investment analysis$c(Print)$x2241-0988
=856  40$uhttp://www.scienpress.com/journal_focus.asp?Main_Id=69
=985  \\$aISSN responsibility taken by ISSN UK from ISSN Greece, 18.10.2012
=985  \\$aISSN responsibility transfer from UK to NZ pending (Richard, 23/08/19)
=985  \\$aISSN description based on: Journal homepage (website viewed October 18 2012)
=CAT  \\$a11313$b40$c20121018$lBLL01$h0846
=CAT  \\$a11313$b40$c20121018$lBLL01$h0849
=CAT  \\$a10806$b40$c20190823$lBLL01$h0952
=FIN  \\$aY$d20121018
=FMT  \\$a  SE
=LAS  \\$a10806$b40$c20190823$lBLL01$h0952
=LET  \0$aJournal of finance and investment analysis (Electronic)

