=LDR  01517 as a22003857i 4500
=001  016194262
=003  Uk
=005  20200701081206.0
=006  m\\\\\\\\d\|\\\\\\
=007  cr||||||||||||
=008  121022c20129999nz\fr\p\o\\\\\0\\\a0eng\\
=022  0\$a2051-5065
=040  \\$aUk$beng$cUk$erda
=222  \0$aInternational journal of health research and innovation$b(Online)
=245  00$aInternational journal of health research and innovation.
=264  \1$aBushey Heath :$bScienpress Ltd.
=264  31$aChristchurch, New Zealand :$bScientific Press International Limited
=310  \\$aSemiannual
=336  \\$atext$2rdacontent
=337  \\$acomputer$2rdamedia
=338  \\$aonline resource$2rdacarrier
=776  08$iAlso issued in print as:$tInternational journal of health research and innovation$x2051-5057
=856  40$uhttp://www.scienpress.com/journal_focus.asp?Main_Id=73$xOA-J
=985  \\$aISSN description based on: Volume 1, issue 1 (2012); pdf viewed October 31 2013.
=985  \\$aISSN responsibility passed to ISSN New Zealand (01/07/20)
=985  \\$aISSN UK Centre note: ROAD OA
=CAT  \\$a10973$b40$c20121022$lBLL01$h1204
=CAT  \\$a11313$b40$c20131031$lBLL01$h1143
=CAT  \\$a10806$b40$c20131108$lBLL01$h0811
=CAT  \\$a5110$b40$c20131114$lBLL01$h1042
=CAT  \\$a10806$b40$c20200701$lBLL01$h0812
=FIN  \\$aY$d20131031
=FMT  \\$a  SE
=LAS  \\$a10806$b40$c20200701$lBLL01$h0812
=LET  \0$aInternational journal of health research and innovation (Electronic)

