=LDR  02728cas a2200673 i 4500
=001  016209516
=003  Uk
=005  20231016082448.0
=006  m\\\\\o\\d\\\\\\\\
=007  cr\|||||||||||
=008  131113c20139999miuuu\p\o\\\\\0\\\a0eng\c
=010  \\$a  2013262013
=022  \\$a2051-655X$l2051-655X
=035  \\$a(OCoLC)862946846$z(OCoLC)980087457$z(OCoLC)990653551$z(OCoLC)993921183$z(OCoLC)1043060956$z(OCoLC)1165773980$z(OCoLC)1193443973
=040  \\$aCGU$beng$cCGU$dCGU$dOCLCF$dCUS$dOCLCQ$dSRU$dBWN$dOCLCQ$dUk$erda$epn
=042  \\$aukblsr
=050  \4$aBJ1$b.J53
=082  04$a170.5$223
=222  \0$aJournal of practical ethics
=245  00$aJournal of practical ethics.
=246  3\$aJPE
=264  \1$aOxford :$bOxford Uehiro Centre for Practical Ethics,$c2013-
=264  31$32021-$aAnn Arbor, MI :$bMichigan Publishing
=300  \\$a1 online resource
=310  \\$aQuarterly
=336  \\$atext$2rdacontent
=337  \\$acomputer$2rdamedia
=338  \\$aonline resource$2rdacarrier
=362  1\$aBegan with volume 1, number 1 (June 2013).
=588  \\$aDescription based on: Volume 1, number 1 (June 2013); title from journal home page (University of Oxford Web site, viewed November 13, 2013).
=588  \\$aLatest issue consulted: volume 10, issue 2 (2023) (Michigan Publishing website, viewed October 11, 2023).
=650  \0$aApplied ethics$vPeriodicals.
=650  \0$aDiscourse ethics$vPeriodicals.
=650  \0$aPolitical ethics$vPeriodicals.
=650  \7$aApplied ethics.$2fast$0(OCoLC)fst00811752
=650  \7$aDiscourse ethics.$2fast$0(OCoLC)fst01743926
=650  \7$aPolitical ethics.$2fast$0(OCoLC)fst01069286
=653  \\$aEthics
=655  \0$aElectronic journals.
=655  \7$aPeriodicals.$2fast$0(OCoLC)fst01411641
=776  08$iAlso issued in print as:$tJournal of practical ethics$x2056-6158
=856  40$uhttps://journals.publishing.umich.edu/jpe/
=856  4\$uhttp://www.jpe.ox.ac.uk/
=856  40$uhttp://bibpurl.oclc.org/web/50599$70
=856  40$uhttp://www.jpe.ox.ac.uk
=985  \\$aISSN responsibility transfer from UK to U.S. pending - see Richard (16/10/23)
=CAT  \\$a10973$b40$c20121113$lBLL01$h1158
=CAT  \\$a11205$b40$c20130923$lBLL01$h1052
=CAT  \\$a5997$b40$c20140804$lBLL01$h1403
=CAT  \\$a8483$b40$c20231011$lBLL01$h1429
=CAT  \\$a8483$b40$c20231011$lBLL01$h1432
=CAT  \\$a8483$b40$c20231011$lBLL01$h1437
=CAT  \\$a10806$b40$c20231016$lBLL01$h0824
=FIN  \\$aY$d20130923
=FMT  \\$a  SE
=LAS  \\$a10806$b40$c20231016$lBLL01$h0824
=LET  \0$aJournal of practical ethics (Electronic)
=LKR  \\$aPAR$b016809446$lBLL01$m776$nJournal of practical ethics (Print)
=SID  \\$aZ39$bOCLC

