=LDR  00989 as a22002898i 4500
=001  016417097
=003  Uk
=005  20130702091648.0
=006  m\\\\\\\\d\|\\\\\\
=007  cr||||||||||||
=008  130523c20139999enkqr\p\o\\\\\0\\\a0eng\\
=022  0\$a2052-613X$202
=040  \\$aUk$beng$cUk$erda
=222  \0$aDiabetic foot Canada
=245  00$aDiabetic foot Canada.
=263  \\$a201305
=264  \1$aLondon :$bSB Communications Group
=310  \\$aQuarterly
=336  \\$atext$2rdacontent
=337  \\$acomputer$2rdamedia
=338  \\$aonline resource$2rdacarrier
=985  \\$aISSN UK: First issue will now be published by 'Canadian Association of Wound Care'. Transfer of responsibility has already been discussed with ISSN Canada - see correspondence in file (Richard, 02/07/13)
=CAT  \\$a7152$b40$c20130523$lBLL01$h1138
=CAT  \\$a10806$b40$c20130702$lBLL01$h0916
=FMT  \\$a  SE
=LAS  \\$a10806$b40$c20130702$lBLL01$h0916
=LET  \0$aDiabetic foot Canada (Electronic)

