=LDR  01504 as a22003857i 4500
=001  016423879
=003  Uk
=005  20200701090304.0
=006  m\\\\\\\\d\|\\\\\\
=007  cr||||||||||||
=008  130604c20119999nz\fr\p\o\\\\\0\\\a0eng\\
=022  0\$a1792-9709
=040  \\$aUk$beng$cUk$erda
=210  0\$aTheor. math. appl.$b(Online)
=222  \0$aTheoretical mathematics and applications$b(Online)
=245  00$aTheoretical mathematics and applications.
=246  1\$iMinor title change:$aTheoretical mathematics & applications
=264  \1$aAthens :$bInternational Scientific Press
=264  21$aBushey Heath :$bScienpress Ltd
=264  31$aChristchurch, New Zealand :$bScientific Press International Limited
=310  \\$aSemi-annual
=336  \\$atext$2rdacontent
=337  \\$acomputer$2rdamedia
=338  \\$aonline resource$2rdacarrier
=776  0\$iAlso issued in print as:$tTheoretical mathematics and applications$x1792-9687
=856  40$uhttp://www.scienpress.com/Journal_focus.asp?Main_id=60
=985  \\$aISSN responsibility taken by ISSN UK from ISSN Greece, 04.06.2013
=985  \\$aISSN description based on: Journal homepage (viewed June 4th 2013)
=985  \\$aISSN responsibility passed to ISSN New Zealand (01/07/20)
=CAT  \\$a11313$b40$c20130604$lBLL01$h0910
=CAT  \\$a10806$b40$c20200701$lBLL01$h0903
=FIN  \\$aY$d20130604
=FMT  \\$a  SE
=LAS  \\$a10806$b40$c20200701$lBLL01$h0903
=LET  \0$aTheoretical mathematics & applications (Electronic)

