=LDR  01624 as a22003977i 4500
=001  016535829
=003  Uk
=005  20200701080846.0
=006  m\\\\\\\\d\|\\\\\\
=007  cr||||||||||||
=008  131105c20119999nz\fr\p\o\\\\\0\\\a0eng\\
=022  0\$a1792-9660
=040  \\$aUk$beng$cUk$erda
=222  \0$aJournal of Earth Sciences and Geotechnical Engineering$b(Online)
=245  00$aJournal of earth sciences & geotechnical engineering.
=246  3\$aJournal of earth sciences and geotechnical engineering
=264  \1$aAthens :$bInternational Scientific Press
=264  21$aBushey Heath :$bScienpress Ltd.
=264  31$aChristchurch, New Zealand :$bScientific Press International Limited
=310  \\$aSemiannual
=336  \\$atext$2rdacontent
=337  \\$acomputer$2rdamedia
=338  \\$aonline resource$2rdacarrier
=776  08$iAlso issued in print as:$tJournal of earth sciences & geotechnical engineering$x1792-9040
=856  40$uhttp://www.scienpress.com/journal_focus.asp?Main_Id=59
=985  \\$aISSN responsibility taken by ISSN UK from ISSN Greece, November 5 2013.
=985  \\$aISSN responsibility passed to ISSN New Zealand (01/07/20)
=985  \\$aISSN description based on: Volume 2, issue 2 (2012); pdf viewed November 5 2013.
=CAT  \\$a11313$b40$c20131105$lBLL01$h0939
=CAT  \\$a11313$b40$c20131105$lBLL01$h0940
=CAT  \\$a11205$b40$c20131113$lBLL01$h1348
=CAT  \\$a10806$b40$c20200701$lBLL01$h0808
=FIN  \\$aY$d20131105
=FMT  \\$a  SE
=LAS  \\$a10806$b40$c20200701$lBLL01$h0808
=LET  \0$aJournal of earth sciences & geotechnical engineering (Electronic)

