=LDR  02398cas a22005658i 4500
=001  016630815
=003  Uk
=005  20230511163059.0
=007  ta
=008  140214c20159999enkqr\p\\\\\\\0\\\a0eng\\
=022  0\$a2055-0340
=040  \\$aUk$beng$cUk$erda
=222  \0$aAdvanced manufacturing. Polymer and composites science$b(Print)
=245  00$aAdvanced manufacturing.$pPolymer and composites science
=246  30$aPolymer and composites science
=263  \\$a201501
=264  \1$aLeeds :$bManey Publishing
=310  \\$aQuarterly
=336  \\$atext$2rdacontent
=337  \\$aunmediated$2rdamedia
=338  \\$avolume$2rdacarrier
=540  \\$aCurrent copyright fee: zero$c2\0$5Uk
=856  \\$31850-9999$uhttp://www.tandfonline.com/$xBLDSS
=945  \\$aAdvanced manufacturing polymer and composites science.
=979  \\$aBritish Library$cDSC$j0696.896270N
=985  \\$aISSN suppressed 14/11/16. Never published in print. Online only by Taylor & Francis, ISSN 2055-0359.
=985  \\$aUpdate 01.11.2021. Print now published by Taylor & Francis so ISSN unsuppressed and responsibility transferred to US Centre. Will complete when scans are sent. ISSN UK, 01.11.2021.
=ACF  \\$aBritish Library not licensed to copy$c0$e01-jan-2016$hC$iCFP Excluded$5Uk
=ACF  \\$aPrevious Copyright Fee: GBP22.00$c0$e01-jan-2015$fGBP22.00$g0$hC$5Uk
=CAT  \\$a11315$b40$c20140214$lBLL01$h1441
=CAT  \\$aBATCH-CLA$b00$c20141128$lBLL01$h0926
=CAT  \\$aIPL-CLA$c20141231$lBLL01$h1704
=CAT  \\$aBATCH-CLA$b00$c20151127$lBLL01$h1630
=CAT  \\$aIPL-CLA$c20151231$lBLL01$h1935
=CAT  \\$a5552$b40$c20160121$lBLL01$h0841
=CAT  \\$aBLDSS-3PM$b00$c20160201$lBLL01$h1812
=CAT  \\$a5552$b40$c20160304$lBLL01$h0900
=CAT  \\$aBATCH-UPD$b40$c20160413$lBLL01$h1827
=CAT  \\$a5552$b40$c20160929$lBLL01$h1158
=CAT  \\$a10806$b40$c20161114$lBLL01$h1025
=CAT  \\$a10806$b40$c20161114$lBLL01$h1030
=CAT  \\$a11313$b40$c20211101$lBLL01$h0803
=CAT  \\$aBATCH-FIX$c20230511$lBLL01$h1630
=CFI  0\$aCurrent copyright fee: zero$c2\0$e04-mar-2016$fGBP0.00$g0$hP$5Uk
=CFI  2\$aPrevious Copyright Fee: GBP34.00$c2\0$e21-jan-2016$fGBP34.00$g0$hP$5Uk
=FFP  \\$aY$bBLDSS-3PM
=FMT  \\$a  SE
=LAS  \\$aBATCH-FIX$b00$c20230511$lBLL01$h1630
=LET  \0$aAdvanced manufacturing. Polymer and composites (Print)
=TOC  \\$aETOC

