=LDR  01444cas a22003857i 4500
=001  016748984
=003  Uk
=005  20230522091317.0
=006  m\\\\\\\\d\|\\\\\\
=007  cr||||||||||||
=008  140626c20149999enkfr\p\o\\\\\0\\\a0eng\\
=022  \\$a2056-371X
=040  \\$aUk$beng$cUk$erda
=222  \0$aJournal of risk & control$b(Online)
=245  00$aJournal of risk & control.
=246  3\$aJournal of risk and control.
=264  \1$aLondon :$bMega Publishing Limited
=310  \\$aSemiannual
=336  \\$atext$2rdacontent
=337  \\$acomputer$2rdamedia
=338  \\$aonline resource$2rdacarrier
=776  08$aAlso published in print as:$tJournal of risk & control$x2056-3701
=856  4\$uhttp://www.riskmarket.co.uk/jrc/journals-articles/issues
=985  \\$aISSN title from table of contents page; viewed March 24, 2015.
=985  \\$aISSN RDA COMPLETION - TO BE CATALOGUED BY RDA TRAINED CATALOGUERS.
=985  \\$aISSN responsibility passed to ISSN New Zealand - now published by Scientific Press International (New Zealand) (22/05/23)
=CAT  \\$a11315$b40$c20140626$lBLL01$h1412
=CAT  \\$a11130$b40$c20141110$lBLL01$h0903
=CAT  \\$a11205$b40$c20150324$lBLL01$h0945
=CAT  \\$a11205$b40$c20150324$lBLL01$h1044
=CAT  \\$a10806$b40$c20230522$lBLL01$h0913
=FIN  \\$aY$d20150324
=FMT  \\$a  SE
=LAS  \\$a10806$b40$c20230522$lBLL01$h0913
=LET  \0$aJournal of risk & control (Electronic)

