=LDR  01474 as a2200433 i 4500
=001  016749033
=003  Uk
=005  20200701085931.0
=007  ta
=008  140626c20149999enkqr\p\\\\\\\0\\\a0eng\\
=015  \\$aGBB522482$2bnb
=022  0\$a2056-3728
=040  \\$aUk$beng$cUk$erda
=042  \\$aukblsr
=082  04$a330.05$223
=222  \0$aBulletin of applied economics$b(Print)
=245  00$aBulletin of applied economics.
=264  \1$aLondon :$bMega Publishing Limited,$c2014-
=300  \\$billustrations (black and white) ;$c24 cm
=310  \\$aQuarterly
=336  \\$atext$2rdacontent
=337  \\$aunmediated$2rdamedia
=338  \\$avolume$2rdacarrier
=362  0\$aVolume 1, issue 1 (2014)-
=650  \0$aEconomics$vPeriodicals.
=690  7\$aManagement and Business Studies$2blcoll
=776  08$iAlso published online as:$tBulletin of applied economics$x2056-3736
=985  \\$aISSN responsibility passed to ISSN New Zealand (01/07/20) - see online record for publisher.
=CAT  \\$a11315$b40$c20140626$lBLL01$h1510
=CAT  \\$a11130$b40$c20141110$lBLL01$h0904
=CAT  \\$a11313$b40$c20150218$lBLL01$h0943
=CAT  \\$a11313$b40$c20150218$lBLL01$h1005
=CAT  \\$a11205$b40$c20150220$lBLL01$h1627
=CAT  \\$aBATCH-MBS$c20150313$lBLL01$h2155
=CAT  \\$a10806$b40$c20200701$lBLL01$h0859
=FIN  \\$aY$d20150218
=FMT  \\$a  SE
=LAS  \\$a10806$b40$c20200701$lBLL01$h0859
=LET  \0$aBulletin of applied economics (Print)

