=LDR  01340 as a22003737i 4500
=001  016749034
=003  Uk
=005  20200701085849.0
=006  m\\\\\\\\d\|\\\\\\
=007  cr||||||||||||
=008  140626c20149999nz\fr\p\o\\\\\0\\\a0eng\\
=022  0\$a2056-3736
=040  \\$aUk$beng$cUk$erda
=222  \0$aBulletin of applied economics$b(Online)
=245  00$aBulletin of applied economics.
=264  \1$aLondon :$bMega Publishing Limited
=264  31$aChristchurch, New Zealand :$bScientific Press International Limited
=310  \\$aSemiannual
=336  \\$atext$2rdacontent
=337  \\$acomputer$2rdamedia
=338  \\$aonline resource$2rdacarrier
=776  08$iAlso issued in print as:$tBulletin of applied economics$x2056-3728
=856  40$uhttp://www.riskmarket.co.uk/bae/
=985  \\$aISSN description based on: Volume 1, issue 1 (2014); viewed February 18 2015.
=985  \\$aISSN responsibility passed to ISSN New Zealand (01/07/20)
=CAT  \\$a11315$b40$c20140626$lBLL01$h1511
=CAT  \\$a11130$b40$c20141110$lBLL01$h0904
=CAT  \\$a11313$b40$c20150218$lBLL01$h1003
=CAT  \\$a11205$b40$c20150220$lBLL01$h1626
=CAT  \\$a10806$b40$c20200701$lBLL01$h0858
=FIN  \\$aY$d20150218
=FMT  \\$a  SE
=LAS  \\$a10806$b40$c20200701$lBLL01$h0858
=LET  \0$aBulletin of applied economics (Electronic)

