=LDR  02111cas a2200589 i 4500
=001  016807422
=003  Uk
=005  20230426111102.0
=007  ta
=008  140801c20149999enkqr\p\\\\\\\0\\\a0eng\\
=015  \\$aGBB479372$2bnb
=022  \\$a2095-5138
=040  \\$aUk$beng$cUk$erda
=042  \\$aukblsr
=082  04$a505$223
=210  0\$aNatl. Sci. Rev.$b(Print)
=222  \0$aNational science review$b(Print)
=245  00$aNational science review.
=246  13$aNSR
=264  \1$aOxford :$bOxford University Press,$c2014-
=300  \\$billustrations (black and white, and colour) ;$c28 cm
=310  \\$aQuarterly
=336  \\$atext$2rdacontent
=337  \\$aunmediated$2rdamedia
=338  \\$avolume$2rdacarrier
=362  0\$aVolume 1, issue 1 (March 2014)-
=540  \\$aCurrent Copyright Fee: zero$c29\0$5Uk
=650  \0$aScience$vPeriodicals.
=710  2\$aZhongguo ke xue yuan,$eissuing body.
=710  2\$aKe xue chu ban she,$eissuing body.
=776  08$iAlso issued online as:$tNational science review$x2053-714X
=856  \\$31850-9999$uhttp://www.oxfordjournals.org/$xBLDSS
=945  \\$aNational science review.
=979  \\$aBritish Library$bDSC$j6033.050370N
=985  \\$aISSN note: transfer of responsibility for ISSN from China to UK has been requested, August 1, 2014.
=CAT  \\$a11315$b40$c20140801$lBLL01$h1108
=CAT  \\$a5552$b40$c20161103$lBLL01$h0939
=CAT  \\$aIPL-CLA$c20161231$lBLL01$h0018
=CAT  \\$aBATCH-UPD$b00$c20170104$lBLL01$h0049
=CAT  \\$aBLDSS-3PM$b00$c20170116$lBLL01$h1615
=CAT  \\$aBATCH-UPD$b00$c20170116$lBLL01$h1616
=CAT  \\$aR1911-1518$c20191206$lBLL01$h1443
=CAT  \\$aIPL-CLA$c20191231$lBLL01$h2039
=CAT  \\$aBATCH-SUPP$c20230426$lBLL01$h1111
=CFI  0\$aCurrent Copyright Fee: zero$c29\0$e01-jan-2020$fGBP0.00$g0$hP$5Uk
=CFI  2\$aPrevious Copyright Fee: zero$c29\0$e01-jan-2017$fGBP0.00$g0$hP$5Uk
=FFP  \\$aY$bBLDSS-3PM
=FIN  \\$aY$d20140801
=FMT  \\$a  SE
=LAS  \\$aBATCH-SUPP$b00$c20230426$lBLL01$h1111
=LET  \0$aNational science review (Print)
=UNO  \\$aY

