=LDR  01007 as a22003137i 4500
=001  017071855
=003  Uk
=005  20150819081857.0
=006  m\\\\\\\\d\|\\\\\\
=007  cr||||||||||||
=008  150217c20159999enkar\p\o\\\\\0\\\a0eng\\
=022  0\$a2058-5187$y2058-5179
=040  \\$aUk$beng$cUk$erda
=222  \0$aArt.CHI catalog$b(Online)
=245  00$aArt.CHI catalog.
=264  \1$aCharlotte, NC :$bUniversity of North Carolina at Charlotte
=310  \\$aAnnual
=336  \\$atext$2rdacontent
=337  \\$acomputer$2rdamedia
=338  \\$aonline resource$2rdacarrier
=588  \\$aDescription based on: 2015 catalog.
=856  4\$uhttp://art-chi.org/downloads
=985  \\$aISSN RDA COMPLETION - TO BE CATALOGUED BY RDA TRAINED CATALOGUERS.
=985  \\$aISSN responsibility taken by US ISSN Center, 19.08.2015.
=CAT  \\$a10973$b40$c20150217$lBLL01$h1205
=CAT  \\$a11313$b40$c20150819$lBLL01$h0818
=FIN  \\$aY$d20150819
=FMT  \\$a  SE
=LAS  \\$a11313$b40$c20150819$lBLL01$h0818

