=LDR  01045cas a22003138i 4500
=001  017175869
=003  Uk
=005  20231006151659.0
=007  ta
=008  150429c20189999si\uu\m\\\\\\\0\\\a0eng\\
=022  0\$a2059-1071
=040  \\$aUk$beng$cUk$erda
=222  \0$aLectures in climate change
=245  00$aLectures in climate change.
=263  \\$a201803
=264  \1$aSingapore :$bWorld Scientific Publishing
=336  \\$atext$2rdacontent
=337  \\$aunmediated$2rdamedia
=338  \\$avolume$2rdacarrier
=985  \\$aISSN UK Centre: responsibility transferred to ISSN Singapore (05/02/18).
=985  \\$aISSN UK Centre: work record passed to ISSN Singapore, now fully confirmed in Portal.
=CAT  \\$a10973$b40$c20150429$lBLL01$h1331
=CAT  \\$a11313$b40$c20150430$lBLL01$h1322
=CAT  \\$a10806$b40$c20180118$lBLL01$h1608
=CAT  \\$a10806$b40$c20180130$lBLL01$h1052
=CAT  \\$a10806$b40$c20180205$lBLL01$h1017
=CAT  \\$a10973$b40$c20231006$lBLL01$h1516
=FMT  \\$a  SE
=LAS  \\$a10973$b40$c20231006$lBLL01$h1516

