=LDR  01467cas a22003857i 4500
=001  017804073
=003  Uk
=005  20230421074925.0
=006  m\\\\\\\\d\|\\\\\\
=007  cr||||||||||||
=008  160412c20189999enkqr\p\o\\\\\0\\\a0eng\\
=022  0\$a2398-2659
=040  \\$aUk$beng$cUk$erda
=082  04$a333.7205$223
=222  \0$aInternational journal of environmental impacts$b(Online)
=245  00$aInternational journal of environmental impacts.
=246  17$aInt. j. environ. impacts
=264  \1$aSouthampton :$bWIT Press
=310  \\$aQuarterly
=336  \\$atext$2rdacontent
=337  \\$acomputer$2rdamedia
=338  \\$aonline resource$2rdacarrier
=588  \\$aDescription based on: volume 1, number 1 (2018) ; title from journal home page (publisher's Web site, viewed May 10, 2017).
=776  0\$iAlso issued in print as:$tInternational journal of environmental impacts$x2398-2640
=856  40$uhttps://www.witpress.com/journals/ei
=985  \\$aISSN responsibility passed to ISSN Canada (21/04/23). Published by IIETA (Canada) from 2023.
=CAT  \\$a10973$b40$c20160412$lBLL01$h1708
=CAT  \\$a8124$b40$c20170510$lBLL01$h1424
=CAT  \\$a8124$b40$c20170511$lBLL01$h0819
=CAT  \\$a10806$b40$c20230403$lBLL01$h0901
=CAT  \\$a10806$b40$c20230421$lBLL01$h0749
=FIN  \\$aY$d20170510
=FMT  \\$a  SE
=LAS  \\$a10806$b40$c20230421$lBLL01$h0749
=LET  \0$aInternational journal of environmental impacts (Electronic)

