=LDR  02162 as a22005417i 4500
=001  018311410
=003  Uk
=005  20200318145758.0
=006  m\\\\\\\\d\|\\\\\\
=007  cr||||||||||||
=008  170424c20179999gw\qr\p\o\\\\\0\\\a0eng\\
=022  \\$a2514-7560
=040  \\$aUk$beng$cUk$erda
=222  \0$aJournal of aligner orthodontics$b(Online)
=245  00$aJournal of aligner orthodontics.
=246  30$aJAO
=264  \1$aNew Malden, Surrey, UK :$bQuintessence Publishing Co. Ltd
=264  31$aBerlin, Germany :$bQuintessenz Verlags-GmbH
=310  \\$aQuarterly
=336  \\$atext$2rdacontent
=337  \\$acomputer$2rdamedia
=338  \\$aonline resource$2rdacarrier
=588  \\$aDescription based on: issue 1 (2017); title from table of contents page (publisher's Web site, viewed November 3, 2017).
=710  2\$aEuropean Aligner Society.
=710  2\$aSocie패te패 Franc퍊aise d'Orthodontie par Aligneurs.
=710  2\$aDeutsche Gesellschaft fu팯r Aligner Orthodontie.
=710  2\$aNihon Araina팫 Kyo팫sei Shika Kenkyu팫kai.
=710  2\$aSocie패te패 Marocaine d'Orthodontie par Aligneur.
=710  2\$aSchweizerische Gesellschaft fu팯r Aligner Orthodontie.
=710  2\$aZhonghua Minguo yin xing jiao zheng xue hui.
=776  08$iAlso issued in print as:$tJournal of aligner orthodontics$x2514-7552
=856  4\$uhttps://jao.quintessenz.de/$zTo subscribe
=985  \\$aISSN UK Centre note: responsibility transferred to ISSN Germany 13.3.20
=CAT  \\$a11313$b40$c20170424$lBLL01$h0919
=CAT  \\$a11205$b40$c20171106$lBLL01$h0938
=CAT  \\$a11205$b40$c20171106$lBLL01$h0940
=CAT  \\$a11205$b40$c20171106$lBLL01$h0943
=CAT  \\$a8871$b40$c20171107$lBLL01$h0944
=CAT  \\$aBATCH-UPD$b40$c20171110$lBLL01$h2038
=CAT  \\$a11205$b40$c20180705$lBLL01$h1054
=CAT  \\$a8871$b40$c20180807$lBLL01$h1526
=CAT  \\$a10973$b40$c20200312$lBLL01$h1657
=CAT  \\$a10973$b40$c20200313$lBLL01$h1048
=CAT  \\$a10806$b40$c20200318$lBLL01$h1457
=FIN  \\$aY$d20171106
=FMT  \\$a  SE
=LAS  \\$a10806$b40$c20200318$lBLL01$h1457
=LET  \0$aJournal of aligner orthodontics (Electronic)

