=LDR  03209cas a22007097i 4500
=001  019050965
=003  Uk
=005  20230619080854.0
=006  m\\\\\\\\d\|\\\\\\
=007  cr||||||||||||
=008  180912d19711980nyuar\p\o\\\\\0\\\a0eng\\
=022  \\$a2631-5769
=040  \\$aUk$beng$cUk$dUk$erda
=210  0\$aYearbook Int. Folk Music Counc.$b(Online)
=222  \0$aYearbook of the International Folk Music Council$b(Online)
=245  00$aYearbook of the International Folk Music Council.
=264  \1$aUrbana :$bPublished for the International Folk Music Council by the University of Illinois Press
=264  31$aNew York, N.Y. :$bInternational Folk Music Council
=310  \\$aAnnual
=336  \\$atext$2rdacontent
=337  \\$acomputer$2rdamedia
=338  \\$aonline resource$2rdacarrier
=533  \\$aElectronic reproduction.$bAnn Arbor, Michigan :$cJSTOR.
=540  \\$aBritish Library not licensed to copy$c0$5Uk
=588  \\$aDescription based on print version record.
=588  \\$aLatest issue consulted: volume 12 (1980) (PDF cover and front matter, viewed June 19, 2023).
=710  2\$aInternational Folk Music Council.
=776  08$iAlso issued in print as:$tYearbook of the International Folk Music Council$x0316-6082
=780  00$tJournal of the International Folk Music$x2631-5750
=785  00$tYearbook for traditional music$x2304-3857
=856  4\$uhttps://www.jstor.org/journal/yearintefolkmusi
=945  \\$aYEARBOOK- INTERNATIONAL FOLK MUSIC COUNCIL.
=979  \\$aBritish Library$bDSC$j9388.400000
=985  \\$aISSN RECORD FOR DIGITAL REPRODUCTION.
=985  \\$aISSN UK Centre note: Cambridge University Press will let us know when they have completed and published their digitised versions, late 2018.
=985  \\$aISSN responsibility passed to U.S. Center (19/06/23)
=ACF  \\$aPrevious copyright fee: GBP25.00$c43\0$e08-feb-2019$fGBP25.00$g0$hP$5Uk
=ACF  \\$aPrevious Copyright Fee: GBP17.50$c0$e01-apr-2019$fGBP17.50$g0$hA$5Uk
=ACF  \\$aPrevious Copyright Fee: GBP10.00$c0$e01-jul-2019$fGBP10.00$g0$hC$5Uk
=CAT  \\$a11205$b40$c20180912$lBLL01$h1340
=CAT  \\$a11205$b40$c20180912$lBLL01$h1521
=CAT  \\$a5552$b40$c20190208$lBLL01$h0942
=CAT  \\$aBLDSS-3PM$b00$c20190212$lBLL01$h1627
=CAT  \\$aBATCH-UPD$b00$c20190212$lBLL01$h1628
=CAT  \\$aW1902-1304$c20190314$lBLL01$h1242
=CAT  \\$aBATCH-UPD$b00$c20190314$lBLL01$h1620
=CAT  \\$aIPL-CLA$c20190331$lBLL01$h1733
=CAT  \\$aDEL-3PM$c20190409$lBLL01$h0908
=CAT  \\$aBATCH-CLA$b00$c20190621$lBLL01$h1538
=CAT  \\$aIPL-CLA$c20190630$lBLL01$h1550
=CAT  \\$aBATCH-CLA$b00$c20210328$lBLL01$h1248
=CAT  \\$aIPL-CLA$c20210331$lBLL01$h1910
=CAT  \\$aBATCH-CLA$b00$c20221206$lBLL01$h1614
=CAT  \\$aIPL-CLA$c20221231$lBLL01$h2346
=CAT  \\$a10806$b40$c20230619$lBLL01$h0759
=CAT  \\$a10806$b40$c20230619$lBLL01$h0808
=CFI  0\$aBritish Library not licensed to copy$c0$e01-jan-2023$hC$iCFP Excluded$5Uk
=CFI  2\$aPrevious Copyright Fee: GBP22.50$c0$e01-apr-2021$fGBP22.50$g0$hC$5Uk
=FIN  \\$aY$d20180912
=FMT  \\$a  SE
=LAS  \\$a10806$b40$c20230619$lBLL01$h0808
=TOC  \\$aETOC

