=LDR  01046 as a22003018i 4500
=001  019271862
=003  Uk
=005  20190821090548.0
=006  m\\\\\\\\d\|\\\\\\
=007  cr||||||||||||
=008  190228c20199999enkwr\p\o\\\\\0\\\a0eng\\
=022  0\$a2632-3915$202
=040  \\$aUk$beng$cUk$erda
=222  \0$aREFI Europe$b(Online)
=245  00$aREFI Europe.
=246  3\$aReal estate fund intelligence Europe
=263  \\$a201902
=264  \1$aLondon :$bPageant Media
=310  \\$aWeekly
=336  \\$atext$2rdacontent
=337  \\$acomputer$2rdamedia
=338  \\$aonline resource$2rdacarrier
=985  \\$aISSN UK Centre: change of title from 'Property investor Europe' (ISSN 1869-9154). Please notify ISSN UK Centre when received as previous title is under the responsibility of ISSN Germany and links will need adding to the Portal records.
=CAT  \\$a10973$b40$c20190228$lBLL01$h1405
=CAT  \\$a11313$b40$c20190821$lBLL01$h0905
=FMT  \\$a  SE
=LAS  \\$a11313$b40$c20190821$lBLL01$h0905
=LET  \0$aREFI Europe (Electronic)

