=LDR  01066cas a22003018i 4500
=001  019529376
=003  Uk
=005  20230908141947.0
=006  m\\\\\\\\d\|\\\\\\
=007  cr||||||||||||
=008  190903c20209999enkqr\p\o\\\\\0\\\f0ara\\
=022  0\$a2633-2175
=040  \\$aUk$beng$cUk$erda
=222  \0$aAltanmiah almustadamah wa istishraf almustagbal$b(Online)
=245  00$aAltanmiah almustadamah wa istishraf almustagbal.
=263  \\$a202001
=264  \1$aLondon :$bWorld Association for Sustainable Development (WASD)
=310  \\$aQuarterly
=336  \\$atext$2rdacontent
=337  \\$acomputer$2rdamedia
=338  \\$aonline resource$2rdacarrier
=776  08$iAlso issued in print as:$tAltanmiah almustadamah wa istishraf almustagbal$x2633-2167
=985  \\$aISSN responsibility transfer to IC pending (Richard, 08/09/23)
=CAT  \\$a11313$b40$c20190903$lBLL01$h1411
=CAT  \\$a10806$b40$c20230908$lBLL01$h1419
=FMT  \\$a  SE
=LAS  \\$a10806$b40$c20230908$lBLL01$h1419
=LET  \0$aAltanmiah almustadamah wa istishraf almustagbal (Electronic)

