=LDR  02072cas a22005417i 4500
=001  019554306
=003  Uk
=005  20230426111130.0
=007  ta
=008  190925d2014201ucc\\x\p\\\\\\\0\\\a0eng\\
=022  \\$a2662-6810
=040  \\$aUk$beng$cUk$erda
=222  \0$aHorticulture research$b(Print)
=245  00$aHorticulture research.
=264  \1$aNanjing :$bHorticulture Research Editorial Office,$c2014-
=310  \\$aIrregular
=336  \\$atext$2rdacontent
=337  \\$aunmediated$2rdamedia
=338  \\$avolume$2rdacarrier
=362  0\$aVol. 1, no. 1 (Jan. 2014)-
=540  \\$aCurrent copyright fee: zero$c29\0$5Uk
=776  08$iContinued online:$tHorticulture research$x2052-7276
=856  \\$31850-9999$uhttp://www.oxfordjournals.org/$xBLDSS
=979  \\$aBritish Library$bDSC$j4331.312000N
=985  \\$aISSN UK Centre: responsibility transferred to ISSN China 8.1.20 (transferred as a pre-pub). See also online version, ISSN 2052-7276 (UK responsibility).
=CAT  \\$a10973$b40$c20190925$lBLL01$h1515
=CAT  \\$a10973$b40$c20200103$lBLL01$h1215
=CAT  \\$a10973$b40$c20200108$lBLL01$h0912
=CAT  \\$a10973$b40$c20200818$lBLL01$h1428
=CAT  \\$a12654$b40$c20211111$lBLL01$h1055
=CAT  \\$aIPL-CLA$c20211231$lBLL01$h1737
=CAT  \\$aBATCH-UNOA$c20220104$lBLL01$h2254
=CAT  \\$a12654$b40$c20220105$lBLL01$h1406
=CAT  \\$aBLDSS-3PM$b00$c20220105$lBLL01$h1521
=CAT  \\$aBATCH-UPD$b00$c20220105$lBLL01$h1532
=CAT  \\$aBATCH-UPD$b00$c20220308$lBLL01$h1736
=CAT  \\$a8055$b40$c20220309$lBLL01$h1229
=CAT  \\$a10806$b40$c20220310$lBLL01$h0903
=CAT  \\$a12654$b40$c20220413$lBLL01$h0823
=CAT  \\$aBATCH-SUPP$c20230426$lBLL01$h1111
=CFI  0\$aCurrent copyright fee: zero$c29\0$e09-mar-2022$fGBP0.00$g0$hP$5Uk
=CFI  2\$aPrevious copyright fee: GBP20.00$c29\0$e01-jan-2022$fGBP20.00$g0$hP$5Uk
=FFP  \\$aY$bBLDSS-3PM
=FIN  \\$aY$d20220310
=FMT  \\$a  SE
=LAS  \\$aBATCH-SUPP$b00$c20230426$lBLL01$h1111
=LET  \0$aHorticulture research (Print)
=UNO  \\$aY

