=LDR  01868 as a22004937i 4500
=001  019764730
=003  Uk
=005  20210811001550.0
=007  ta
=008  200331c19949999sz\qr\p\\\\\\\0\\\a0eng\\
=022  \\$a0972-7531
=040  \\$aUk$beng$cUk$erda
=082  04$a616.8$223
=210  0\$aAnn. neurosci.$b(Print)
=222  \0$aAnnals of neurosciences$b(Print)
=245  00$aAnnals of neurosciences.
=264  \1$aLucknow :$bIndian Academy of Neurosciences$c[1994]-
=264  31$32016-$aBasel :$bKarger
=310  \\$aQuarterly
=336  \\$atext$2rdacontent
=337  \\$aunmediated$2rdamedia
=338  \\$avolume$2rdacarrier
=540  \\$aCurrent Copyright Fee: zero$c19\0$5Uk
=710  2\$aIndian Academy of Neurosciences (Lucknow, India),$eissuing body.
=776  08$iAlso issued online as:$tAnnals of neurosciences$x0976-3260
=856  \\$31850-9999$uhttp://www.uk.sagepub.com/home.nav$xBLDSS
=945  \\$aAnnals of neurosciences
=979  \\$aBritish Library$bDSC$j1043.142000
=985  \\$aISSN responsibility already transferred from ISSN Switzerland in advance of print copy being received from SAGE (Richard, 31/03/20)
=CAT  \\$a10806$b40$c20200331$lBLL01$h0833
=CAT  \\$aBATCH-CLA$b00$c20200529$lBLL01$h1535
=CAT  \\$aIPL-CLA$c20200701$lBLL01$h0126
=CAT  \\$a8055$b40$c20210804$lBLL01$h1333
=CAT  \\$a8055$b40$c20210804$lBLL01$h1336
=CAT  \\$aBLDSS-3PM$b00$c20210810$lBLL01$h0905
=CAT  \\$aBATCH-UPD$b00$c20210810$lBLL01$h0905
=CAT  \\$aBATCH-UNOA$c20210811$lBLL01$h0015
=CFI  0\$aCurrent copyright fee: zero$c19\0$e04-aug-2021$fGBP0.00$g0$hP$5Uk
=CFI  2\$aPrevious Copyright Fee: GBP19.00$c0$e01-jul-2020$fGBP19.00$g0$hC$5Uk
=FFP  \\$aY$bBLDSS-3PM
=FMT  \\$a  SE
=LAS  \\$aBATCH-UNOA$b00$c20210811$lBLL01$h0015
=LET  \0$aAnnals of neurosciences (Print)
=UNO  \\$aY

