=LDR  01010cas a22003018i 4500
=001  020045430
=003  Uk
=005  20230908142305.0
=007  ta
=008  201218c20219999enkfr\p\\\\\\\0\\\a0eng\\
=022  0\$a2634-2642
=040  \\$aUk$beng$cUk$erda
=222  \0$aInternational journal of gum arabic$b(Print)
=245  00$aInternational journal of gum arabic.
=263  \\$a202311
=264  \1$aLondon :$bWorld Association for Sustainable Development (WASD)
=310  \\$aSemiannual
=336  \\$atext$2rdacontent
=337  \\$aunmediated$2rdamedia
=338  \\$avolume$2rdacarrier
=776  08$iAlso issued online as:$tInternational journal of gum arabic$x2634-2650
=985  \\$aISSN responsibility transfer to IC pending (Richard, 08/09/23)
=CAT  \\$a10806$b40$c20201218$lBLL01$h0853
=CAT  \\$a5466D$b40$c20230517$lBLL01$h1409
=CAT  \\$a10806$b40$c20230908$lBLL01$h1423
=FMT  \\$a  SE
=LAS  \\$a10806$b40$c20230908$lBLL01$h1423
=LET  \0$aInternational journal of gum arabic (Print)

