=LDR  01117cas a22003258i 4500
=001  020045433
=003  Uk
=005  20230908142309.0
=006  m\\\\\\\\d\|\\\\\\
=007  cr||||||||||||
=008  201218c20219999enkfr\p\o\\\\\0\\\a0eng\\
=022  0\$a2634-2650
=040  \\$aUk$beng$cUk$erda
=222  \0$aInternational journal of gum arabic$b(Online)
=245  00$aInternational journal of gum arabic.
=263  \\$a202311
=264  \1$aLondon :$bWorld Association for Sustainable Development (WASD)
=310  \\$aSemiannual
=336  \\$atext$2rdacontent
=337  \\$acomputer$2rdamedia
=338  \\$aonline resource$2rdacarrier
=776  08$iAlso issued in print as:$tInternational journal of gum arabic$x2634-2642
=985  \\$aISSN responsibility transfer to IC pending (Richard, 08/09/23)
=CAT  \\$a10806$b40$c20201218$lBLL01$h0855
=CAT  \\$a10806$b40$c20201218$lBLL01$h0856
=CAT  \\$a5466D$b40$c20230517$lBLL01$h1408
=CAT  \\$a10806$b40$c20230908$lBLL01$h1423
=FMT  \\$a  SE
=LAS  \\$a10806$b40$c20230908$lBLL01$h1423
=LET  \0$aInternational journal of gum arabic (Electronic)

