=LDR  01128cas a22003138i 4500
=001  020045567
=003  Uk
=005  20230908135835.0
=006  m\\\\\\\\d\|\\\\\\
=007  cr||||||||||||
=008  201218c20219999enkfr\p\o\\\\\0\\\a0eng\\
=022  0\$a2634-2677
=040  \\$aUk$beng$cUk$erda
=222  \0$aWorld journal of women and sustainable development$b(Online)
=245  00$aWorld journal of women and sustainable development.
=263  \\$a202311
=264  \1$aLondon :$bWorld Association for Sustainable Development (WASD)
=310  \\$aSemiannual
=336  \\$atext$2rdacontent
=337  \\$acomputer$2rdamedia
=338  \\$aonline resource$2rdacarrier
=776  08$iAlso issued in print as:$tWorld journal of women and sustainable development$x2634-2669
=985  \\$aISSN responsibility transfer to IC pending (Richard, 08/09/23)
=CAT  \\$a10806$b40$c20201218$lBLL01$h1142
=CAT  \\$a5466D$b40$c20230517$lBLL01$h1412
=CAT  \\$a10806$b40$c20230908$lBLL01$h1358
=FMT  \\$a  SE
=LAS  \\$a10806$b40$c20230908$lBLL01$h1358
=LET  \0$aWorld journal of women and sustainable development (Electronic)

