=LDR  01063cas a22003018i 4500
=001  020045618
=003  Uk
=005  20230908104803.0
=007  ta
=008  201218c20219999enkfr\p\\\\\\\0\\\a0eng\\
=022  0\$a2753-9008
=040  \\$aUk$beng$cUk$erda
=222  \0$aWorld journal of youth and sustainable development$b(Print)
=245  00$aWorld journal of youth and sustainable development.
=263  \\$a202311
=264  \1$aLondon :$bWorld Association for Sustainable Development
=310  \\$aSemiannual
=336  \\$atext$2rdacontent
=337  \\$aunmediated$2rdamedia
=338  \\$avolume$2rdacarrier
=776  08$iAlso issued online as:$tWorld journal of youth and sustainable development$x2753-9016
=985  \\$aISSN responsibility transfer to IC pending (Richard, 08/09/23)
=CAT  \\$a10806$b40$c20201218$lBLL01$h1330
=CAT  \\$a5466D$b40$c20230517$lBLL01$h1354
=CAT  \\$a10806$b40$c20230908$lBLL01$h1048
=FMT  \\$a  SE
=LAS  \\$a10806$b40$c20230908$lBLL01$h1048
=LET  \0$aWorld journal of youth and sustainable development (Print)

