=LDR  01170cas a22003258i 4500
=001  020045622
=003  Uk
=005  20230908104756.0
=006  m\\\\\\\\d\|\\\\\\
=007  cr||||||||||||
=008  201218c20219999enkfr\p\o\\\\\0\\\a0eng\\
=022  0\$a2753-9016
=040  \\$aUk$beng$cUk$erda
=222  \0$aWorld journal of youth and sustainable development$b(Online)
=245  00$aWorld journal of youth and sustainable development.
=263  \\$a202311
=264  \1$aLondon :$bWorld Association for Sustainable Development
=310  \\$aSemiannual
=336  \\$atext$2rdacontent
=337  \\$acomputer$2rdamedia
=338  \\$aonline resource$2rdacarrier
=776  08$iAlso issued in print as:$tWorld journal of youth and sustainable development$x2753-9008
=985  \\$aISSN responsibility transfer to IC pending (Richard, 08/09/23)
=CAT  \\$a10806$b40$c20201218$lBLL01$h1332
=CAT  \\$a10806$b40$c20201218$lBLL01$h1333
=CAT  \\$a5466D$b40$c20230517$lBLL01$h1403
=CAT  \\$a10806$b40$c20230908$lBLL01$h1047
=FMT  \\$a  SE
=LAS  \\$a10806$b40$c20230908$lBLL01$h1047
=LET  \0$aWorld journal of youth and sustainable development (Electronic)

