=LDR  02431 as a2200565 i 4500
=001  020143541
=003  Uk
=005  20210326084526.0
=006  m\\\\\o\\d\\\\\\\\
=007  cr\|||||||||||
=008  171012c20079999tu\fx\poo\\\\\0\\\b0tur\c
=010  \\$a  2018238212
=022  \\$a2587-2249
=035  \\$a(OCoLC)1012817548$z(OCoLC)1193503584$z(OCoLC)1232877300
=040  \\$aAUD$beng$cAUD$dVVJ$dCUS$dOCLCQ$dCRU$dIUL$dOCLCF$dOCLCQ$dVT2$dOCLCQ$dUk$erda$epn
=041  \\$atur$aeng
=042  \\$apcc
=222  \0$aAl캼nteri zirai bilimler dergisi$b(Online)
=245  00$aAl캼nteri zirai bilimler dergisi.
=246  11$aAl캼nteri journal of agricultural sciences
=246  11$aAl캼nteri ZBD
=264  \1$aKastamonu, Turkey :$bKastamonu U팯niversitesi
=300  \\$a1 online resource
=310  \\$aTwo issues per year
=336  \\$atext$2rdacontent
=337  \\$acomputer$2rdamedia
=338  \\$aonline resource$2rdacarrier
=362  1\$aPrint began in 2007 with: Cilt 12.$zISSN portal.
=546  \\$aIn Turkish and English.
=588  0\$aDescription based on: Vol 12, issue 2 (2007); title from journal home page (publisher's website, viewed May 9, 2018).
=588  1\$aLatest issue consulted: volume 33, issue 1 (2018) (viewed March 26, 2021).
=650  \0$aAgricultural engineering$zTurkey$vPeriodicals.
=650  \7$aAgricultural engineering.$2fast$0(OCoLC)fst00800726
=651  \7$aTurkey.$2fast$0(OCoLC)fst01208963
=655  \0$aElectronic journals.
=655  \7$aPeriodicals.$2fast$0(OCoLC)fst01411641
=710  2\$aKastamonu U팯niversitesi,$eissuing body.
=776  08$iPrint version:$tAl캼nteri zirai bilimleri dergisi$x2564-7814
=780  00$tAl캼nteri bilim ve ku팯ltu팯r$x1307-3311
=856  40$uhttp://alinteridergisi.com/
=856  40$uhttp://bibpurl.oclc.org/web/86114
=856  40$uhttp://dergipark.gov.tr/alinterizbd
=856  40$uhttp://search.ebscohost.com/direct.asp?db=a9h&jid=EV7O
=985  \\$aLooks like this ceased in Turkish with 33/1 (2018) and continued in English with new title "Alinteri journal of agriculture/agricultural science(s)". Richard investigating. ISSN responsibility has already been transferred from Turkey to UK for this ISSN!!!! (26/03/21)
=CAT  \\$a10806$b40$c20210326$lBLL01$h0843
=CAT  \\$a10806$b40$c20210326$lBLL01$h0845
=FIN  \\$aY$d20210326
=FMT  \\$a  SE
=LAS  \\$a10806$b40$c20210326$lBLL01$h0845
=SID  \\$aZ39$bOCLC

