=LDR  00897cas a22002898i 4500
=001  020216512
=003  Uk
=005  20230908140122.0
=007  ta
=008  210608c20219999enkar\m\\\\\\\0\\\a0eng\\
=022  0\$a2754-1126
=040  \\$aUk$beng$cUk$erda
=222  \0$aDiaspora book series$b(Print)
=245  00$aDiaspora book series.
=263  \\$a202112
=264  \1$aLondon :$bWorld Association for Sustainable Development (WASD)
=310  \\$aAnnual
=336  \\$atext$2rdacontent
=337  \\$aunmediated$2rdamedia
=338  \\$avolume$2rdacarrier
=776  08$iAlso issued online as:$tDiaspora book series$x2754-1134
=985  \\$aISSN responsibility transfer to IC pending (Richard, 08/09/23)
=CAT  \\$a10806$b40$c20210608$lBLL01$h1256
=CAT  \\$a10806$b40$c20230908$lBLL01$h1401
=FMT  \\$a  SE
=LAS  \\$a10806$b40$c20230908$lBLL01$h1401
=LET  \0$aDiaspora book series (Print)

