=LDR  00955cas a22003018i 4500
=001  020216515
=003  Uk
=005  20230908140030.0
=006  m\\\\\\\\d\|\\\\\\
=007  cr||||||||||||
=008  210608c20219999enkar\m\o\\\\\0\\\a0eng\\
=022  0\$a2754-1134
=040  \\$aUk$beng$cUk$erda
=222  \0$aDiaspora book series$b(Online)
=245  00$aDiaspora book series.
=263  \\$a202112
=264  \1$aLondon :$bWorld Association for Sustainable Development (WASD)
=310  \\$aAnnual
=336  \\$atext$2rdacontent
=337  \\$acomputer$2rdamedia
=338  \\$aonline resource$2rdacarrier
=776  08$iAlso issued in print as:$tDiaspora book series$x2754-1126
=985  \\$aISSN responsibility transfer to IC pending (Richard, 08/09/23)
=CAT  \\$a10806$b40$c20210608$lBLL01$h1259
=CAT  \\$a10806$b40$c20230908$lBLL01$h1400
=FMT  \\$a  SE
=LAS  \\$a10806$b40$c20230908$lBLL01$h1400
=LET  \0$aDiaspora book series (Electronic)

