=LDR  00885cas a22002898i 4500
=001  020216519
=003  Uk
=005  20230911105422.0
=007  ta
=008  210608c20219999enkar\m\\\\\\\0\\\a0eng\\
=022  \\$a2754-1142
=040  \\$aUk$beng$cUk$erda
=222  \0$aSudan book series$b(Print)
=245  00$aSudan book series.
=263  \\$a202112
=264  \1$aLondon :$bWorld Association for Sustainable Development (WASD)
=310  \\$aAnnual
=336  \\$atext$2rdacontent
=337  \\$aunmediated$2rdamedia
=338  \\$avolume$2rdacarrier
=776  08$iAlso issued online as:$tSudan book series$x2754-1150
=985  \\$aISSN responsibility transfer to IC pending (Richard, 11/09/23)
=CAT  \\$a10806$b40$c20210608$lBLL01$h1308
=CAT  \\$a10806$b40$c20230911$lBLL01$h1054
=FMT  \\$a  SE
=LAS  \\$a10806$b40$c20230911$lBLL01$h1054
=LET  \0$aSudan book series (Print)

