=LDR  00992cas a22003138i 4500
=001  020216522
=003  Uk
=005  20230911105454.0
=006  m\\\\\\\\d\|\\\\\\
=007  cr||||||||||||
=008  210608c20219999enkar\m\o\\\\\0\\\a0eng\\
=022  \\$a2754-1150
=040  \\$aUk$beng$cUk$erda
=222  \0$aSudan book series$b(Online)
=245  00$aSudan book series.
=263  \\$a202112
=264  \1$aLondon :$bWorld Association for Sustainable Development (WASD)
=310  \\$aAnnual
=336  \\$atext$2rdacontent
=337  \\$acomputer$2rdamedia
=338  \\$aonline resource$2rdacarrier
=776  08$iAlso issued in print as:$tSudan book series$x2754-1142
=985  \\$aISSN responsibility transfer to IC pending (Richard, 11/09/23)
=CAT  \\$a10806$b40$c20210608$lBLL01$h1310
=CAT  \\$a10806$b40$c20210608$lBLL01$h1311
=CAT  \\$a10806$b40$c20230911$lBLL01$h1054
=FMT  \\$a  SE
=LAS  \\$a10806$b40$c20230911$lBLL01$h1054
=LET  \0$aSudan book series (Electronic)

