=LDR  01092cas a22003018i 4500
=001  020302285
=003  Uk
=005  20220330101214.0
=006  m\\\\\\\\d\|\\\\\\
=007  cr||||||||||||
=008  210819c20219999enkfr\p\o\\\\\0\\\a0eng\\
=022  0\$a2752-8278$202
=040  \\$aUk$beng$cUk$erda
=222  \0$aJournal of automotive photography$b(Online)
=245  00$aJournal of automotive photography.
=263  \\$a202111
=264  \1$aOxford :$bMonopod Editions
=310  \\$aSemiannual
=336  \\$atext$2rdacontent
=337  \\$acomputer$2rdamedia
=338  \\$aonline resource$2rdacarrier
=985  \\$aISSN UK Centre: change of title from 'Monopod' (no ISSN currently assigned, IC responsibility as publisher was based in Hong Kong - querying with IC 19/8/2021).
=985  \\$aISSN UK Centre: see also print version, please add 776 to both records on completion.
=CAT  \\$a10973$b40$c20210819$lBLL01$h0748
=CAT  \\$a10973$b40$c20220330$lBLL01$h1012
=FMT  \\$a  SE
=LAS  \\$a10973$b40$c20220330$lBLL01$h1012
=LET  \0$aJournal of automotive photography (Electronic)

