=LDR  00909 as a22002658i 4500
=001  020348011
=003  Uk
=005  20211005082332.0
=007  ta
=008  211005c20229999enkar\p\\\\\\\0\\\a0eng\\
=022  0\$a2754-3331$202
=040  \\$aUk$beng$cUk$erda
=222  \0$aPolitics & poetics$b(Print)
=245  00$aPolitics & poetics.
=263  \\$a202209
=264  \1$aOxford :$bCanterbury Institute
=310  \\$aAnnual
=336  \\$atext$2rdacontent
=337  \\$aunmediated$2rdamedia
=338  \\$avolume$2rdacarrier
=985  \\$aOnline version ISSN 2543-666X is currently responsibility of ISSN Poland and has been published since 2014. Please instigate transfer and linking when Canterbury Institute take over in 2022 (ISSN Poland email = bnissn@bn.org.pl).
=CAT  \\$a10806$b40$c20211005$lBLL01$h0823
=FMT  \\$a  SE
=LAS  \\$a10806$b40$c20211005$lBLL01$h0823
=LET  \0$aPolitics & poetics (Print)

