=LDR  01424nas a22003857i 4500
=001  020553968
=003  Uk
=005  20220414072310.0
=007  ta
=008  220414c20209999enkfr\p\\\\\\\0\\\a0eng\\
=022  0\$a2719-2377
=040  \\$aUk$beng$cUk$erda
=222  \0$aSouth Asian journal of marketing
=245  00$aSouth Asian journal of marketing.
=264  \1$aMaradana :$bSri Lanka Institute of Marketing (SLIM)
=264  31$32021-$aBingley :$bEmerald Publishing Limited
=310  \\$aSemiannual
=336  \\$atext$2rdacontent
=337  \\$aunmediated$2rdamedia
=338  \\$avolume$2rdacarrier
=588  \\$aISSN description based on Portal record.
=588  \\$aLatest issue consulted: volume 2, number 1 (2021).
=710  2\$aSri Lanka Institute of Marketing.
=710  2\$aSabaragamuwa University.
=776  08$iAlso issued online as:$tSouth Asian journal of marketing$x2738-2486
=985  \\$aISSN UK Centre: Emerald supplied print version PDF to update ISSN record.
=985  \\$aISSN UK Centre: transfer of responsibility request sent to ISSN Sri Lanka 14/4/2022 DLW.
=CAT  \\$a10973$b40$c20220414$lBLL01$h0701
=CAT  \\$a10973$b40$c20220414$lBLL01$h0715
=CAT  \\$a10973$b40$c20220414$lBLL01$h0717
=CAT  \\$a10973$b40$c20220414$lBLL01$h0723
=FIN  \\$aY$d20220414
=FMT  \\$a  SE
=LAS  \\$a10973$b40$c20220414$lBLL01$h0723
=LET  \0$aSouth Asian journal of marketing (Print)

