=LDR  01195cas a2200313 i 4500
=001  020556571
=003  Uk
=005  20220421150013.0
=007  ta
=008  220419c20119999ca\br\p\\\\\\\0\\\a0eng\\
=022  \\$a1923-7529
=040  \\$aUk$beng$cUk$erda
=082  04$a330$223
=222  \0$aReview of economics & finance
=245  00$aReview of economics & finance.
=264  \1$aToronto :$bBetter Advances Press
=310  \\$aBimonthly
=336  \\$atext$2rdacontent
=337  \\$aunmediated$2rdamedia
=338  \\$avolume$2rdacarrier
=362  1\$aBegan with no. 1 (2011).
=710  2\$aAcademic Research Centre of Canada.
=776  08$iAlso issued online as:$tReview of economics & finance$x1923-8401
=985  \\$aISSN responsibility has been switched from Canada to UK - now checking if printed version still being published before coding (Richard, 19/04/22). Print copy due to be sent to me by REF Press soon - email received from new publisher stating continuation of printed version (Richard, 21/04/22)
=CAT  \\$a10806$b40$c20220419$lBLL01$h1306
=CAT  \\$a10806$b40$c20220421$lBLL01$h1500
=FIN  \\$aY$d20220419
=FMT  \\$a  SE
=LAS  \\$a10806$b40$c20220421$lBLL01$h1500

