=LDR  01359cas a22003377i 4500
=001  020977830
=003  Uk
=005  20230417112851.0
=007  ta
=008  230302c20229999vm\qr\j\\\\\\\0\\\a0eng\\
=022  0\$a2815-5793
=040  \\$aUk$beng$cUk$erda
=222  \0$aJournal of trade science
=245  00$aJournal of trade science =$bTa퍆p chi패 Khoa ho퍆c Thu퍁o퍁ng ma퍆i
=246  31$aTa퍆p chi패 Khoa ho퍆c Thu퍁o퍁ng ma퍆i
=264  \1$aHa No퍆팩i :$bTru퍁o퍁ng 캟a퍆i ho퍆c Thu퍁o퍁ng Ma퍆i
=310  \\$aQuarterly
=336  \\$atext$2rdacontent
=337  \\$aunmediated$2rdamedia
=338  \\$avolume$2rdacarrier
=787  0\$tTa퍆p chi패 Khoa ho퍆c Thu퍁o퍁ng ma퍆i$x2815-5726
=985  \\$aISSN description based on ISSN Portal record. Due to be published by Emerald later in 2023. We will need to transfer responsibility from ISSN Vietnam. Please also see online version ISSN 2755-3957, will need to add 776 fields when completing online record. ISSN UK, 02.03.2023.
=CAT  \\$a11313$b40$c20230302$lBLL01$h0954
=CAT  \\$a11313$b40$c20230302$lBLL01$h0955
=CAT  \\$a11313$b40$c20230302$lBLL01$h1047
=CAT  \\$a11313$b40$c20230302$lBLL01$h1102
=CAT  \\$a11313$b40$c20230417$lBLL01$h1128
=FIN  \\$aY$d20230302
=FMT  \\$a  SE
=LAS  \\$a11313$b40$c20230417$lBLL01$h1128
=LET  \0$aJournal of trade science (Print)

