=LDR  01411nas a22003377i 4500
=001  020977851
=003  Uk
=005  20230302110258.0
=006  m\\\\\\\\d\|\\\\\\
=007  cr\|||||||||||
=008  230302c20229999vm\qr\j\o\\\\\0\\\b0mul\\
=022  0\$a2815-5726
=040  \\$aUk$beng$cUk$erda
=222  \0$aTa퍆p chi패 Khoa ho퍆c Thu퍁o퍁ng ma퍆i$b(Ba팰n 캠ie퍆팩n tu퍁팰)
=245  00$aTa퍆p chi패 Khoa ho퍆c Thu퍁o퍁ng ma퍆i :$b(Tru퍁o퍁ng 캟a퍆i ho퍆c Thu퍁o퍁ng ma퍆i)
=246  31$aJournal of trade science
=264  \1$aHa No퍆팩i :$bTru퍁o퍁ng 캟a퍆i ho퍆c Thu퍁o퍁ng ma퍆i
=310  \\$aQuarterly
=336  \\$atext$2rdacontent
=337  \\$acomputer$2rdamedia
=338  \\$aonline resource$2rdacarrier
=787  0\$tJournal of trade science$x2815-5793
=856  40$uhttps://tckhtm.tmu.edu.vn/
=985  \\$aISSN description based on ISSN Portal record. Due to be published by Emerald later in 2023. We will need to transfer responsibility from ISSN Vietnam. Depending on how title is presented by Emerald, this record may need a minor title change to the English title. ISSN UK, 02.03.2023.
=CAT  \\$a11313$b40$c20230302$lBLL01$h1049
=CAT  \\$a11313$b40$c20230302$lBLL01$h1050
=CAT  \\$a11313$b40$c20230302$lBLL01$h1102
=FIN  \\$aY$d20230302
=FMT  \\$a  SE
=LAS  \\$a11313$b40$c20230302$lBLL01$h1102
=LET  \0$aTa퍆p chi패 Khoa ho퍆c Thu퍁o퍁ng ma퍆i (Electronic)

