=LDR  01012nas a22002778i 4500
=001  021024428
=003  Uk
=005  20230417112845.0
=006  m\\\\\\\\d\|\\\\\\
=007  cr||||||||||||
=008  230417c20239999enkfr\j\o\\\\\0\\\a0eng\\
=022  0\$a2755-3957$202
=040  \\$aUk$beng$cUk$erda
=222  \0$aJournal of trade science$b(Qualify. Online)
=245  00$aJournal of trade science.
=263  \\$a202307
=264  \1$aBingley :$bEmerald Publishing Limited
=310  \\$aSemiannual
=336  \\$atext$2rdacontent
=337  \\$acomputer$2rdamedia
=338  \\$aonline resource$2rdacarrier
=985  \\$aISSN UK Centre note: Online version of print ISSN 2815-5793 (currently under ISSN Vietnam). C/T from ISSN 2815-5726 - will need to add 776 and 78X fields when completing, and ask for responsibility for ISSN 2815-5793. ISSN UK, 17.04.2023.
=CAT  \\$a11313$b40$c20230417$lBLL01$h1128
=FMT  \\$a  SE
=LAS  \\$a11313$b40$c20230417$lBLL01$h1128
=LET  \0$aJournal of trade science (Electronic)

