=LDR  01039nas a22002898i 4500
=001  021045528
=003  Uk
=005  20230505082633.0
=006  m\\\\\\\\d\|\\\\\\
=007  cr||||||||||||
=008  230505c20249999cauqr\j\o\\\\\0\\\a0eng\\
=022  0\$a2976-7350$202
=040  \\$aUk$beng$cUk$erda
=222  \0$aSubstance use and addiction journal$b(Online)
=245  00$aSubstance use and addiction journal.
=263  \\$a202401
=264  \1$aThousand Oaks, California :$bSage Publishing
=310  \\$aQuarterly
=336  \\$atext$2rdacontent
=337  \\$acomputer$2rdamedia
=338  \\$aonline resource$2rdacarrier
=776  08$iAlso issued in print as:$tSubstance use and addiction journal$x2976-7342
=985  \\$aC/T from ISSN 1547-0164 Substance abuse (U.S. responsibility) - will need links adding in consultation with colleagues in U.S. (Richard, 05/05/23)
=CAT  \\$a10806$b40$c20230505$lBLL01$h0826
=FMT  \\$a  SE
=LAS  \\$a10806$b40$c20230505$lBLL01$h0826
=LET  \0$aSubstance use and addiction journal (Electronic)

