=LDR  01173nas a22002777i 4500
=001  021243508
=003  Uk
=005  20231009094309.0
=007  ta
=008  231009c20189999enkqr\j\\\\\\\0\\\a0eng\\
=022  \\$a2616-5783
=040  \\$aUk$beng$cUk$erda
=210  0\$aAcad. j. humanit. soc. sci.
=222  \0$aAcademic journal of humanities & social sciences
=245  00$aAcademic journal of humanities & social sciences.
=264  \1$aHong Kong :$bHongkong Zhonghong Wanhao Technology Co., Limited ;$aLondon :$bFrancis Academic Press
=310  \\$aQuarterly
=336  \\$atext$2rdacontent
=337  \\$aunmediated$2rdamedia
=338  \\$avolume$2rdacarrier
=985  \\$aPLEASE PASS ANY PRINT COPIES RECEIVED TO ISSN UK CENTRE
=985  \\$aISSN UK note: this title may need transferring from IC to UK responsibility if now published in UK. Print copy of recent issue due to be delivered October 2023. Will then determine which centre should assign online ISSN (original request received 21/09/23) (Richard, 09/10/23)
=CAT  \\$a10806$b40$c20231009$lBLL01$h0817
=CAT  \\$a10806$b40$c20231009$lBLL01$h0943
=FMT  \\$a  SE
=LAS  \\$a10806$b40$c20231009$lBLL01$h0943

